1948 3281
649 72 676 119 J
680 72 990 118 UVENALIS
1024 71 1242 115 SATIRA
1274 72 1332 116 X.

109 162 166 212 Et
189 176 316 211 motae
337 168 386 210 ad
409 169 575 211 Lunam
598 165 819 223 trepidabis
841 165 1052 208 arundinis
1076 164 1282 208 umbram.
1335 170 1430 206 atque
1440 168 1625 205 formidabis
1638 169 1773 200 umbram
1787 181 1861 201 can-

113 226 310 268 Cantabit
333 239 487 268 vacuus
512 240 648 267 coram
674 226 830 267 latrone
853 226 998 267 viator.

112 284 248 325 Prima
269 284 352 325 fere
375 293 485 336 vota,
508 285 548 325 δε
570 284 732 325 cunctis
755 283 975 325 notissima
994 281 1175 337 templis,
1208 299 1211 301 “

107 341 279 383 Divitiae
303 352 347 382 ut
365 351 564 393 crescant,
590 351 635 383 ut
657 355 784 396 opes3
820 350 864 382 ut
887 341 1068 382 maxima
1091 349 1178 381 toto

108 399 264 440 Nostra
285 399 337 441 sit
359 414 450 441 arca
471 400 579 440 foro.
612 400 692 442 Sed
712 398 825 440 nulla
846 399 1006 440 aconita
1026 397 1224 440 bibuntur
1264 397 1317 438 20

402 458 524 499 Tunc
549 457 616 499 illa
636 457 735 499 time
753 459 851 498 cum
877 457 1025 511 pocula
1049 470 1186 498 sumes

108 514 349 566 Gemm-ata,
377 515 416 556 Sc
438 515 519 557 lato
544 515 735 557 Setinum
754 515 907 556 ardebit
932 515 973 556 in
996 528 1110 555 auro.

106 572 257 613 Jamne
281 573 404 629 igitur
426 573 579 624 laudas,
604 573 716 630 quod
739 573 787 613 de
810 572 1074 628 Sapientibus
1096 572 1195 614 alter

107 629 298 682 Ridebat,
323 631 483 686 quoties
506 633 533 672 a
555 631 699 672 limine
721 639 904 671 moverat
925 645 1059 671 unum

109 688 417 745 protuleratque
441 689 585 743 pedem
607 705 616 729 ε
663 687 784 729 flebat
806 688 1034 728 contrarius
1056 687 1184 729 alter?

108 745 189 785 Sed
211 745 343 787 facilis
366 746 485 802 rigidi
508 746 638 788 cuivis
663 760 832 786 censura
854 745 1063 786 cachinni.

108 802 352 845 Mirandum
375 813 435 845 est
458 804 569 845 unde
592 803 669 845 illis
691 802 823 844 oculis
847 802 1052 845 suffecerit
1074 804 1241 845 humor.

109 860 307 915 Perpetuo
331 861 412 902 risu
436 861 680 916 pulmonem
701 863 851 917 agitare
874 861 1028 902 solebat

106 917 390 969 Democritus,
415 933 654 976 quanquam
679 933 766 959 non
788 927 924 959 essent
948 918 1116 961 urbibus
1141 918 1220 961 illis

109 455 341 499 Fictilibus.

1780 79 1857 126 175

1334 220 1381 238 nae
1397 211 1438 240 ud
1451 210 1575 240 Lunam
1590 213 1731 249 agitatre.
1788 214 1860 244 Via.

1334 257 1382 282 tor
1403 253 1506 283 inanis
1528 249 1618 283 canet
1642 259 1714 283 ante
1734 259 1857 294 praalo-

1334 306 1408 326 nem.
1437 298 1606 334 Proecipuae
1619 297 1726 335 ferme
1740 310 1858 338 preces,

1333 340 1466 377 acsanis
1478 341 1614 370 omnibus
1627 342 1758 381 cognitze
1769 349 1858 384 sunt,

1298 400 1314 408 -
1333 388 1367 413 ut
1385 383 1512 421 divitiae,
1527 388 1560 412 ut
1575 394 1644 422 opes
1659 390 1836 423 augeantur
1847 399 1861 422 ‚-

1332 431 1366 456 ut
1393 428 1476 456 omni
1492 427 1570 464 *loro
1587 437 1682 466 capsa
1697 432 1803 458 nostra
1819 431 1863 459 sit

1331 470 1529 509 amplissima.
1574 470 1619 500 Al
1643 470 1731 500 nulla
1743 476 1857 509 potan-

1333 518 1384 543 tur
1399 524 1516 544 venena
1533 514 1682 543 testaceis.
1726 514 1778 543 Ea
1794 519 1858 547 tum

1331 561 1442 595 metue,
1468 558 1590 596 quando
1614 557 1738 597 scyphos
1772 560 1856 588 ucci-

1327 603 1393 639 φίας
1409 600 1527 640 lapillis
1542 607 1682 638 ornatos,
1697 604 1793 640 atque
1804 602 1856 631 Se-

1332 645 1429 673 tinum
1442 644 1584 682 fervebit
1607 644 1639 672 in
1663 646 1774 682 capaci
1796 655 1855 684 po-

1261 687 1318 728 30
1331 689 1406 717 culo
1431 698 1536 717 clareo.
1583 686 1677 717 Nunc
1705 697 1778 728 ergo
1811 700 1859 720 an·

1329 729 1473 768 aestimas,
1487 730 1566 769 quael
1580 731 1760 769 Sapientum
1774 741 1855 763 unus

1328 774 1586 812 cachinnabutur,
1603 775 1854 814 quandocumque

1330 819 1349 847 ci
1370 819 1474 857 janua
1493 818 1600 855 ped-om
1623 827 1715 847 unum
1741 823 1851 859 egerat

1328 865 1423 899 atque
1460 860 1615 890 extulerat
1629 872 1641 895 ‚·
1691 862 1719 891 ὅ(
1759 862 1852 901 quod

1329 904 1411 934 alius
1448 905 1557 933 contra
1593 904 1855 943 lacrymabatur?

1333 948 1440 978 Verzlm
1472 951 1616 986 prompta
1643 951 1687 976 est
1725 947 1852 978 cuilibet

104 993 314 1022 condemnatio
338 991 416 1023 riszis
438 995 533 1023 ser-eri
544 1005 552 1021 .-
576 999 609 1024 at
624 994 731 1023 miram
747 997 804 1031 est,
821 993 899 1022 uncle
916 998 1006 1023 tanta
1022 994 1116 1024 oculis
1131 1004 1212 1032 aqua
1227 994 1413 1032 suppeteret.
1447 991 1642 1022 Democritus
1654 995 1852 1022 consueverat

100 1036 232 1074 perenni
244 1036 392 1066 cachinno
408 1047 524 1067 mot-ere
536 1039 720 1077 pulmonem,
739 1037 862 1066 tametsi
876 1037 1018 1067 civitates
1033 1038 1097 1067 istae
1114 1048 1172 1067 non
1189 1036 1334 1067 haberent

148 1144 201 1173 21.
229 1145 387 1185 Umbram]
411 1145 520 1180 Quam
537 1146 628 1177 velut
646 1145 867 1178 insidiantium
892 1147 952 1177 tibi

107 1188 325 1226 praedatorum
341 1200 456 1229 corpus
472 1199 676 1230 expavesces.

149 1233 200 1261 94.
214 1232 342 1262 Die-itia:
356 1237 388 1264 ut
401 1238 549 1271 crescant,
565 1237 599 1263 ut
609 1233 693 1272 opes]
717 1233 786 1264 Cic.
804 1234 836 1263 in
850 1234 951 1264 Laelio

104 1283 137 1303 n.
154 1275 207 1306 22.
256 1276 329 1310 Quae
345 1287 391 1306 res
405 1280 591 1316 expetuntur
605 1281 781 1316 opportunoe
794 1281 865 1306 sunt
888 1278 949 1307 sin-

100 1318 183 1355 gulae
197 1318 284 1349 rebus
284 1319 359 1356 jere*
371 1320 505 1361 singulis
514 1331 523 1348 :
547 1319 672 1357 divitiae,
685 1323 720 1349 ut
733 1324 822 1349 utare
832 1331 846 1355 ,·
868 1331 949 1359 opes,

104 1364 137 1388 ut
153 1363 276 1398 colare;
298 1361 433 1399 honores,
449 1369 483 1392 ut
496 1361 631 1401 laudere,
649 1364 710 1394 dcc.
755 1363 845 1393 Hinc
862 1364 948 1394 vides

103 1403 226 1435 divitias
243 1406 326 1436 inter
342 1407 371 1435 δε
388 1415 465 1444 opes
487 1406 657 1436 discrimen
681 1416 767 1436 esse:
791 1407 947 1438 nimirum

101 1445 164 1477 iuae
183 1458 313 1488 magnas
330 1450 486 1488 pecunias
508 1449 700 1489 significant,
725 1450 776 1480 hae
795 1459 946 1490 magnam

103 1492 282 1528 potentiam
298 1493 367 1523 tum
384 1494 401 1523 ὲ
416 1493 546 1531 divitiis,
563 1493 639 1523 cum
655 1493 695 1522 ab
709 1493 819 1523 amicis
833 1495 861 1524 Sc
873 1503 946 1533 pro-

104 1542 246 1571 pinquis.

146 1576 290 1608 BIarima
303 1582 365 1608 toto
376 1583 482 1609 nostra
493 1578 535 1609 sit
548 1590 620 1610 arca
624 1579 718 1619 fhro]
741 1580 819 1611 Vet.
834 1581 942 1611 Schol.

99 1619 144 1648 ad
169 1620 322 1651 Cerealem
342 1632 433 1661 usqne
455 1621 652 1661 Praefectum,
676 1624 796 1664 inquit,
819 1624 851 1654 z'n
868 1624 946 1661 foro

105 1662 234 1703 Trajani
248 1675 338 1695 arcas
359 1665 487 1694 habuere
512 1666 684 1704 Senatores,
707 1668 740 1697 in
763 1667 872 1706 quibus
893 1678 947 1697 ar·

95 1712 227 1745 gentum
243 1713 295 1738 aul
313 1709 461 1747 pecunias
477 1709 573 1738 talias
587 1710 799 1749 deponebant:
828 1711 908 1740 unde
924 1714 947 1751 ὅ·

101 1749 186 1779 locas
208 1750 261 1780 ille
287 1752 317 1781 in
343 1762 401 1790 qao
430 1755 517 1781 erant
548 1762 638 1791 arcae,
667 1762 738 1790 opes
762 1753 861 1783 dictus
889 1758 946 1784 est.

102 1793 204 1832 Apud
230 1794 276 1824 Fl.
294 1795 484 1833 Vopiscum,
510 1795 710 1826 Aurelianus
737 1796 769 1825 in
788 1796 890 1835 Epist.
908 1799 947 1827 ad

101 1836 258 1867 Senatum
277 1839 319 1867 ita
334 1838 439 1867 scribit
454 1850 461 1867 ε
487 1837 548 1867 Est
558 1840 709 1877 praterea*
724 1843 830 1869 cestrie
844 1843 947 1869 aucto-

99 1879 205 1909 ritatis·
216 1890 288 1910 arca
299 1881 436 1920 publica,
448 1891 538 1920 qnam
554 1883 652 1923 magis
663 1883 809 1921 refertam
826 1892 888 1912 esse
902 1893 946 1913 re-

95 1924 184 1960 perio
199 1925 290 1963 quam
306 1925 407 1964 cupio.

142 1967 195 1997 25.
240 1966 392 2009 Aconita]
435 1967 520 1999 Vide
546 1969 613 1999 Sat.
646 1971 674 1999 1.
703 1979 734 2000 v.
764 1969 837 1999 158.
871 1971 942 2001 An-

103 2014 173 2039 not.

141 2054 195 2082 26.
218 2051 399 2095 Fictilibus]
422 2055 549 2087 Poculis
564 2056 713 2095 inopum.

146 2096 199 2126 27.
225 2097 401 2136 Gemmata]
435 2099 535 2138 Apud
557 2099 681 2130 divites.
727 2098 810 2129 Vide
825 2100 892 2130 Sat.
911 2102 941 2131 5.

99 2146 131 2167 v.
145 2141 197 2169 41.
215 2141 244 2169 Sc
260 2149 328 2178 seq.

142 2181 294 2222 Setinum]
328 2183 450 2214 Vinum
475 2184 493 2214 ὲ·
523 2185 610 2214 Setia
636 2185 715 2214 urbe
742 2185 940 2225 Campaniae.

101 2223 188 2256 Vide
204 2228 271 2257 Sat.
289 2228 319 2257 5.
334 2238 364 2257 -v.
381 2228 432 2257 34.
455 2228 577 2258 Annot.

141 2268 289 2310 Arde-bit]
313 2271 378 2301 Vel
406 2270 588 2309 splendebit
611 2271 645 2301 in
673 2280 770 2301 aureo
793 2281 879 2310 vase,
905 2279 941 2302 ut

97 2311 155 2350 fit3
180 2314 230 2343 vel
245 2314 444 2354 simpliciter,
460 2314 593 2352 ardebit,
618 2314 732 2352 utpote
749 2323 940 2354 generosum

98 2355 127 2385 ἃ
139 2356 282 2387 calidum
295 2367 305 2395 3
320 2367 377 2387 scu
389 2358 484 2387 etiam
496 2357 537 2386 ob
548 2357 740 2387 immixtum
751 2367 938 2399 venenum3

97 2398 186 2429 aliud
203 2400 292 2430 enim
306 2401 431 2440 frigore,
447 2400 534 2430 aliud
550 2400 659 2430 ardore
672 2400 773 2431 nimio
789 2409 913 2432 enecat.

141 2442 176 2472 ln
191 2441 280 2481 auro]
305 2444 418 2474 Sencc.
431 2442 567 2483 Thyest.
585 2454 614 2473 v.
628 2445 704 2473 454.

188 2485 339 2516 Venenum
354 2487 388 2517 in
401 2496 478 2516 auro
495 2486 617 2517 bibitur.

140 2528 192 2558 28.
215 2529 325 2559 Jamne
347 2531 446 2571 igitur
471 2530 594 2568 laudas,
621 2529 689 2568 ἐξα]
727 2529 783 2560 An
806 2532 937 2563 tandem

98 2570 194 2601 laude
207 2572 318 2612 dignos
333 2573 487 2614 intelligis
503 2582 555 2603 eos
569 2572 749 2612 Sapientes,
766 2583 848 2613 quos
863 2576 937 2606 vul-

97 2623 157 2653 gus
173 2615 362 2653 imperitum
374 2617 488 2647 stultos
500 2617 665 2654 judicabat
678 2615 688 2644 ?

140 2657 232 2687 Alter
254 2659 385 2698 ridebat,
400 2659 469 2698 &ji-a]
494 2659 714 2697 Democritus,
738 2660 796 2699 qui
811 2663 937 2700 quoties

96 2699 198 2732 domo
211 2702 412 2741 egrederetur
427 2712 463 2732 ac
479 2701 560 2733 foras
577 2703 726 2742 prodiret,
749 2703 783 2732 in
809 2706 936 2738 cachin.

96 2752 155 2774 nos
174 2744 367 2783 solvebatur,
382 2746 517 2785 ineptias
540 2746 718 2777 hominurn
744 2746 851 2779 videns
868 2759 937 2788 pas-

96 2788 168 2818 sim.
214 2788 282 2819 Cic.
297 2788 338 2817 de
352 2788 440 2819 Orat.
456 2790 486 2819 2.
504 2799 536 2820 n.
554 2789 629 2820 235.
677 2787 831 2821 Quomodo
845 2792 936 2823 simul

95 2831 208 2869 latera,
231 2841 277 2869 os,
299 2839 404 2870 venas,
432 2833 561 2871 vultum,
583 2831 684 2862 oculos
705 2836 828 2871 occupet
844 2835 935 2875 risus,

95 2874 207 2904 viderit
222 2874 428 2906 Democritus,

138 2918 192 2947 30.
211 2917 317 2947 Flebat
331 2919 500 2949 contrarius
515 2918 608 2958 alter]
631 2919 813 2949 Heraclitus
830 2920 934 2950 homi-

95 2969 177 2990 num
194 2961 332 2991 miserias
345 2961 470 3001 ubique
482 2971 624 2993 cernens.
671 2962 701 2992 Is
715 2959 850 2996 σκοἹεινδς
861 2973 933 3003 cog-

94 3005 293 3043 nominatus,
308 3004 347 3033 eo
361 3005 447 3042 quod
466 3015 504 3036 ea
518 3015 590 3045 quae
606 3006 736 3043 diceret,
760 3007 931 3036 verborum

92 3045 264 3078 involucris
294 3052 427 3086 tegeret.
477 3048 562 3079 Hinc
587 3049 716 3079 Tullius
743 3048 783 3077 de
809 3049 932 3079 Natura

95 3086 189 3121 Deor.
213 3093 242 3122 1.
255 3100 289 3124 n.
306 3091 356 3120 74.
384 3089 455 3120 Non
471 3091 609 3124 consulto*
625 3092 701 3123 dicis
716 3092 844 3130 occulte,
862 3096 933 3122 tan-

995 1156 1086 1185 quam
1102 1146 1292 1177 Heraclitus.
1338 1145 1382 1176 Et
1396 1145 1452 1175 lib.
1464 1145 1495 1174 3.
1509 1155 1541 1175 n.
1554 1144 1606 1175 35.
1654 1143 1848 1176 Heraclitum.

995 1190 1136 1228 quoniam
1148 1190 1223 1229 quid
1237 1190 1365 1226 diceret,
1377 1188 1517 1228 intelligi
1532 1187 1644 1226 noluit,
1658 1189 1847 1219 omittamus.

995 1232 1047 1263 De
1071 1243 1109 1263 eo
1133 1234 1273 1273 D'10gen.
1292 1231 1395 1262 La'ert.
1415 1232 1469 1261 lib.
1491 1232 1523 1261 9.
1547 1232 1600 1261 ubi
1615 1232 1660 1260 ait
1675 1241 1753 1261 eum
1768 1241 1846 1262 sen-

995 1276 1070 1306 sisse
1099 1286 1206 1306 rerum
1230 1277 1382 1306 omnium
1406 1275 1605 1314 principium
1630 1284 1697 1305 esse
1722 1276 1846 1315 ignem,

996 1319 1054 1348 ἀς.
1099 1319 1289 1358 Ibidemque
1307 1319 1402 1349 refert
1416 1318 1626 1348 honorificam
1644 1318 1738 1358 Regis
1754 1318 1847 1348 Darii

993 1362 1032 1391 ad
1057 1372 1135 1393 eum
1160 1363 1355 1402 Epistulam,
1379 1361 1445 1401 qua
1468 1362 1503 1390 ad
1532 1371 1565 1391 se
1591 1361 1686 1391 illum
1713 1362 1840 1392 invitat.

993 1404 1119 1436 Floruit
1133 1406 1319 1446 Olympiad.
1340 1408 1391 1436 70.
1408 1409 1466 1434 aut
1482 1405 1616 1434 circiter.

1034 1450 1087 1478 (31.
1112 1449 1172 1479 Sed
1186 1450 1297 1487 facilis
1311 1449 1419 1486 cuit-is,
1437 1448 1507 1487 230]
1532 1447 1568 1477 Id
1585 1454 1645 1486 est,
1662 1448 1752 1478 facile
1770 1449 1842 1489 qui-

990 1491 1066 1522 dem
1080 1492 1160 1523 alter
1175 1494 1281 1532 quivis
1298 1493 1434 1531 ineptias
1450 1492 1625 1521 hominum
1653 1492 1716 1521 risu
1734 1498 1841 1531 posset

990 1535 1157 1575 damnare,
1169 1543 1202 1566 at
1216 1547 1283 1566 non
1301 1535 1436 1575 perinde
1451 1534 1531 1565 fletu
1545 1546 1551 1563 z
1577 1544 1654 1565 narn
1673 1536 1700 1564 ἃ·
1720 1537 1841 1567 mirum

991 1583 1050 1616 est,
1082 1580 1168 1610 unde
1193 1580 1359 1610 Heraclito
1387 1584 1477 1608 tanta
1501 1579 1719 1618 lacrymarum
1744 1581 1839 1619 copia

989 1622 1162 1653 suffecerit.
1209 1623 1303 1653 Certe
1327 1633 1371 1653 ex
1393 1622 1538 1662 hydrope
1564 1628 1711 1653 mortuus
1727 1621 1840 1663 fertur,

991 1674 1076 1696 anno
1091 1667 1192 1696 aetatis
1208 1667 1419 1707 sexagesima

1033 1710 1085 1738 33.
1110 1709 1289 1740 Pulmonem
1314 1708 1450 1749 agitare]
1484 1708 1573 1739 Hinc
1595 1708 1692 1739 etiam
1718 1709 1846 1741 mirum·

993 1752 1092 1782 videri
1118 1760 1237 1792 posset,
1262 1754 1349 1793 quod
1376 1760 1441 1783 tam
1466 1753 1632 1792 longaevus
1648 1752 1748 1782 fuerit
1770 1753 1838 1793 ille,

992 1796 1051 1834 qui
1064 1802 1133 1826 tam
1158 1797 1266 1826 crebra
1282 1798 1481 1836 pulmonum
1499 1796 1688 1835 agitatione,
1714 1797 1743 1826 &
1758 1807 1835 1828 san-

991 1838 1097 1877 guinis
1122 1840 1227 1879 (quod
1251 1840 1286 1869 fit
1308 1840 1344 1870 in
1360 1840 1436 1878 risu,
1462 1839 1619 1869 solutiore
1643 1840 1836 1882 praesertim)

991 1882 1151 1921 praecipiti
1167 1883 1359 1913 circuitione
1375 1882 1534 1921 perpetuo
1550 1881 1707 1921 fatigaret.

1034 1926 1086 1954 34.
1111 1925 1320 1964 Democritus]
1356 1926 1506 1956 Florebat
1527 1924 1726 1963 Olympiade
1749 1930 1837 1957 octo-

991 1967 1124 2006 gesima,
1140 1970 1168 1998 δι
1186 1979 1288 1999 annos
1302 1969 1385 1999 vixit
1401 1973 1536 1999 centurn
1556 1977 1687 1997 novem.
1737 1969 1837 2000 Hune

989 2011 1103 2041 Suidas
1118 2012 1314 2042 omniscium
1331 2018 1517 2050 nuncupat,
1543 2011 1572 2040 δε
1596 2008 1772 2050 πένἹιιΘλονς
1796 2014 1837 2043 eo

989 2054 1078 2092 quod
1095 2054 1241 2094 Physica,
1267 2055 1396 2094 Ethica,
1422 2055 1671 2092 Mathematica‚
1693 2055 1838 2087 liberales

985 2097 1183 2137 disciplinas,
1211 2103 1362 2138 artesque
1392 2108 1505 2128 omnes
1532 2098 1671 2128 calleret.
1717 2099 1770 2129 De
1795 2109 1837 2130 eo

986 2139 1092 2171 La'ert.
1110 2142 1164 2171 lib.
1181 2142 1213 2173 9.
1261 2141 1324 2172 Res
1341 2152 1454 2172 omnes
1477 2152 1520 2171 ex
1545 2142 1660 2172 atomis
1688 2149 1835 2173 constare

984 2183 1132 2224 dicebat3
1157 2186 1237 2215 item
1254 2186 1359 2224 plures
1383 2195 1449 2216 esse
1476 2185 1628 2223 mundos,
1659 2186 1718 2214 dcc.
1747 2185 1835 2216 unde

983 2234 1096 2258 auctor
1112 2234 1297 2259 atomorum
1314 2236 1447 2259 vocatur
1462 2229 1480 2258 a
1495 2228 1652 2258 Cicerone
1674 2228 1715 2257 de
1738 2228 1833 2269 Fato,

983 2279 1016 2299 n.
1030 2272 1084 2301 523.
1103 2272 1131 2300 δέ
1148 2271 1189 2302 ‹le
1203 2272 1328 2302 Natura
1341 2272 1488 2302 Deorum
1508 2274 1537 2301 1.
1552 2281 1584 2300 n.
1598 2271 1649 2301 66.
1694 2270 1833 2307 Isiafla-

980 2314 1065 2352 gilla
1079 2313 1265 2355 Democriti,
1281 2316 1400 2355 inquit,
1416 2317 1479 2345 sive
1491 2317 1582 2344 etiam
1597 2312 1673 2343 ante
1701 2313 1832 2355 Leucip-

980 2356 1018 2394 pi
1032 2367 1094 2387 esse
1110 2358 1288 2397 corpuscula
1299 2359 1437 2398 quaedam
1458 2358 1558 2395 laevia,
1572 2357 1637 2386 alia
1652 2367 1773 2396 aspera,
1784 2368 1835 2388 ro-

983 2401 1081 2430 tunda
1097 2401 1175 2440 alia,
1184 2402 1303 2440 partim
1317 2402 1485 2443 angulata,
1500 2404 1628 2430 curvata
1640 2400 1791 2440 quaedam,
1808 2405 1832 2441 ξς

982 2443 1070 2482 quasi
1085 2445 1207 2474 adunca
1218 2456 1233 2481 ;
1255 2455 1293 2474 ecc
1317 2444 1364 2476 his
1386 2449 1431 2475 est
1455 2444 1596 2483 effectum
1623 2453 1686 2473 esse
1707 2443 1830 2484 coelum,

980 2490 1074 2526 atque
1087 2491 1196 2526 terras,
1221 2488 1309 2518 nulla
1325 2492 1453 2529 cogente
1468 2486 1593 2524 natura,
1613 2487 1667 2516 sed
1681 2496 1830 2520 concursu

981 2531 1108 2569 quodam
1123 2531 1274 2569 fortuito.
1320 2532 1363 2562 Et
1378 2531 1480 2561 Acad.
1505 2539 1561 2569 qq.
1578 2529 1634 2559 lib.
1649 2530 1682 2559 4.
1699 2540 1730 2560 n.
1754 2533 1827 2562 121.

979 2573 1117 2612 Asper-is,
1134 2576 1157 2612 <S-
1173 2574 1308 2613 laecibus,
1325 2577 1347 2613 {35
1363 2573 1508 2612 hamatis,
1529 2573 1744 2611 uncinatisque
1764 2584 1827 2605 cor«²

974 2617 1102 2653 poribus
1117 2622 1256 2647 concreta
1272 2617 1334 2647 lzaec
1350 2628 1412 2647 esse
1425 2617 1499 2646 dicit
1514 2615 1718 2645 Democritus.
1744 2617 1827 2649 Plin,

980 2659 1036 2689 lib.
1065 2661 1119 2690 28.
1147 2671 1173 2691 c.
1208 2662 1236 2690 8.
1286 2661 1513 2691 Democritum
1546 2659 1690 2699 appellat
1720 2661 1828 2694 virum

979 2703 1102 2742 alioqui
1130 2713 1288 2744 sagacem,
1316 2715 1352 2734 ac
1378 2705 1450 2735 vitae
1477 2703 1698 2740 utilissimum,
1723 2704 1825 2734 nimio

976 2746 1114 2784 juvandi
1127 2747 1277 2777 mortales
1294 2748 1399 2778 studio
1417 2748 1615 2787 prolapsum,
1629 2745 1685 2775 lib.
1702 2749 1779 2776 vero
1794 2750 1823 2777 7.

981 2799 1007 2818 c.
1023 2791 1074 2819 55.
1088 2790 1178 2819 velut
1194 2791 1433 2822 resurrectionis
1457 2796 1643 2820 assertorem
1661 2790 1823 2828 suggillat.

980 2833 1042 2862 Cir.
1061 2832 1130 2863 Cic.
1146 2833 1187 2862 dc
1202 2832 1326 2864 Natura
1350 2835 1509 2871 Deorum,
1539 2835 1567 2863 1.
1586 2842 1619 2862 n.
1640 2833 1714 2862 121.
1759 2832 1823 2862 De-

978 2876 1121 2905 mocritus
1136 2876 1185 2905 vir
1198 2886 1328 2916 magnas
1343 2878 1501 2917 imprimis,
1516 2876 1638 2914 inquit,
1654 2874 1822 2913 cnjusfin-

978 2918 1059 2948 tibus
1074 2919 1229 2957 Epicurus
1243 2919 1379 2952 hortulos
1389 2931 1458 2951 snos
1470 2919 1626 2959 irrigavit.

1028 2960 1156 2991 UsbibuS
1171 2961 1254 3003 illl-5]
1279 2966 1430 3002 Abderze,
1449 2964 1534 2992 unde
1549 2968 1637 2991 ortus
1654 2960 1821 2991 Democri-

975 3010 1045 3042 tus,
1075 3005 1215 3044 Epheso,
1239 3006 1257 3035 ὲ
1272 3019 1338 3048 qua
1350 3007 1548 3043 Heraclitus,
1563 3004 1699 3043 aliisque
1716 3004 1820 3034 Thra-

977 3050 1033 3078 ciae
1064 3050 1217 3088 Asiaeque
1242 3053 1373 3084 urbibus
1399 3052 1423 3081 is
1448 3058 1513 3081 non
1538 3054 1604 3078 erat
1627 3047 1684 3087 qui
1707 3047 1820 3080 Romae

978 3092 1077 3123 luxus
1096 3094 1123 3121 3:
1139 3092 1250 3122 fastus.
