1948 3281
615 75 955 120 JUVENALIS
987 75 1206 119 SATIRA
1237 77 1344 120 VII.

1766 82 1845 123 139

120 173 337 232 Quantum
360 166 670 212 Grammaticus
692 167 840 209 meruit
862 166 1005 209 labor?
1039 168 1094 209 Et
1117 176 1255 209 tamen
1273 182 1319 208 ex
1336 171 1480 207 quantum
1531 169 1626 209 ‘lis-‘m
1672 174 1715 200 est
1761 182 1852 210 opera

292 229 389 280 hoc,

1237 226 1322 266 216
1338 211 1563 241 Grammatisloe
1577 213 1591 240 ἒ
1631 213 1678 242 Ac
1703 214 1850 245 nihilomiae

1291 282 1299 289 ,
1338 254 1394 284 mis
1409 264 1444 282 ex
1461 266 1507 293 eo,
1523 256 1705 293 quantulam
1722 263 1765 286 est
1783 259 1852 295 (in-

121 287 433 347 Quodcumque
464 294 524 325 est
546 283 706 336 (minus
731 291 790 325 est
811 292 966 336 autem,
999 283 1128 340 quam
1150 283 1323 325 rhetoris
1327 297 1433 335 serius
1448 299 1517 327 vero
1533 302 1578 327 est
1594 300 1685 337 quam
1709 298 1854 329 Rhetori-

293 346 390 397 aera)

121 401 329 457 Discipuli
353 409 492 442 custos
518 400 761 454 praemordet
781 399 1005 440 Acoenitus
1031 399 1131 455 ipse,

850 457 963 499 Cede
982 458 1208 508 Palaemon,

123 462 180 501 Et
202 459 271 515 qui
295 458 500 514 dispensat
521 458 673 514 frangit
695 457 787 498 sibi.

1332 341 1489 379 pecunia)
1512 342 1678 372 Acoenitus
1703 342 1766 380 ipse
1787 353 1854 380 ρω-

1338 384 1479 424 ‹lagogus
1491 384 1618 423 arrodit,
1634 385 1777 414 rescindit
1792 385 1851 415 eti-

1338 438 1386 456 am
1404 427 1460 457 sibi
1474 428 1675 466 ‹its-pensator.
1702 428 1854 467 Concede,

1339 470 1508 507 Palaemon,
1545 472 1568 508 ξς
1602 472 1666 501 sine
1695 472 1854 510 quidpiam

121 519 177 559 Et
196 526 328 572 patere
352 517 445 558 inde
467 515 621 572 aliquid
645 517 901 567 decrescere3
934 530 1021 556 non
1044 516 1172 567 aliter,
1195 513 1326 571 quam
1340 524 1376 543 ex
1400 525 1434 543 ⁶⁰
1463 515 1592 544 (annuat
1627 514 1733 552 (l‘ffl‘d
1768 516 1854 544 θεαὶ-ς’

123 574 298 616 Institor
321 575 515 630 hybernae
539 574 698 630 tegetis,
731 574 922 629 niveique
945 573 1137 614 cadurci:

124 633 372 675 Dummodo
394 648 480 673 nou
502 641 650 687 pereat,
680 632 826 673 mediae
850 631 963 687 quod
981 631 1118 672 noctis
1140 630 1189 672 ab
1212 631 1311 672 hora

125 690 290 742 Sedisti,
316 693 398 747 qua
418 705 542 731 nemo
563 689 690 740 faber,
723 691 806 744 qua
828 703 951 730 nemo
974 688 1152 740 sedebat,

126 748 212 805 Qui
235 749 354 790 docet
376 747 545 804 obliquo
569 747 701 788 lanam
726 748 924 787 deducere
945 745 1050 787 ferro
1069 763 1079 787 ε

125 806 375 848 Dummodo
398 820 482 846 non
506 813 637 859 pereat
661 803 831 844 totidem
856 802 1044 845 olfecisse
1065 804 1267 855 lucernaS,

126 864 244 920 Quot
267 864 427 904 stabant
450 862 577 916 pueri,
611 861 709 902 cum
734 872 851 908 totus*
867 862 1034 903 decolor
1056 872 1163 903 esset

128 922 315 973 Flaccus,
350 921 390 962 δε
411 922 580 962 haereret
601 919 719 976 nigro
741 919 872 976 fuligo
894 920 1078 961 Maroni.

1241 575 1320 613 ⁰21
1340 568 1377 586 ac
1404 558 1580 598 negotiator
1604 557 1752 597 hyenuills
1774 557 1852 587 locri-

1242 595 1264 613 ζ’
1341 601 1394 639 cis,
1417 605 1511 640 alque
1537 601 1613 630 alba:
1637 601 1797 640 culcitra)
1818 605 1855 630 ut

1338 653 1375 673 ηε
1387 645 1500 683 perdas
1515 645 1595 683 quad
1620 644 1727 674 sedisti
1744 646 1764 674 ιὶ
1780 648 1854 674 tem-

1334 697 1410 725 pore
1426 688 1530 717 medice
1544 688 1654 725 not-tis,
1677 698 1734 726 qao
1752 687 1855 717 nullus

1339 731 1458 769 opifex,
1493 740 1550 769 quo
1580 730 1684 760 nullus
1714 730 1853 768 sedebat,

1339 774 1393 812 qui
1425 778 1573 803 mmzstrat
1601 776 1705 803 lanam
1733 773 1856 803 trahem

1329 818 1422 853 „ferro
1449 821 1593 847 curt-ato.-
1621 821 1655 846 ut
1682 827 1719 846 ize
1741 818 1858 856 perdas

1243 862 1326 902 226
1341 862 1428 899 quod
1455 865 1501 890 tot
1532 860 1689 900 lampades
1710 861 1856 890 odoratus

1341 914 1382 941 ες,
1399 908 1469 943 quot
1487 904 1668 933 assistebant
1683 904 1856 933 adolescen-

1341 947 1412 985 tuli,
1434 948 1552 985 quando
1576 948 1732 976 universus
1753 947 1857 976 Hora·

824 990 885 1019 tius
897 995 964 1020 erat
982 991 1182 1030 decoloratus,
1205 990 1416 1031 atquesuligo
1431 990 1606 1020 adhoerebat
1623 994 1692 1019 atro
1712 990 1856 1031 Virgilio.

128 1100 252 1131 maticis
268 1100 431 1141 denique:
456 1099 538 1134 Quis
554 1100 662 1139 peritis
677 1099 751 1129 licet
768 1100 803 1129 iis
815 1102 842 1130 ἃ
859 1101 966 1130 excel-

128 1142 271 1174 lentibus
284 1144 415 1185 dignam
431 1145 543 1184 pendit
561 1144 742 1173 mercedem
754 1143 764 1172 ἲ

172 1186 310 1228 Gremio]
336 1187 374 1218 In
390 1188 546 1227 gremium
560 1187 699 1217 sedentis
716 1197 752 1216 ac
768 1187 921 1218 docentis.

171 1231 336 1270 Enceladi]
383 1231 412 1261 Is
441 1230 693 1269 Grammaticus,
728 1237 765 1260 ut
802 1231 831 1260 Sc
871 1231 965 1262 1221ae-

128 1282 218 1304 mon.

170 1317 376 1360 Palaemonis]
401 1318 454 1348 De
467 1328 505 1348 eo
516 1319 587 1356 jam
604 1319 670 1348 Sat.
685 1317 713 1348 6.
740 1327 803 1348 ver.
820 1318 893 1347 452.

173 1361 249 1391 216.
269 1361 495 1392 Grammaticus
511 1361 611 1400 labor]
634 1362 661 1391 Is
677 1362 753 1391 sane
770 1370 920 1400 magum,
937 1363 966 1391 δε

130 1405 235 1434 multa
261 1406 489 1444 complectitur
515 1405 736 1442 incommoda,
759 1415 815 1435 seu
841 1411 966 1443 spectes

130 1456 236 1478 rerum
253 1448 478 1488 legendarum,
499 1458 557 1478 seu
578 1448 860 1488 intelligendarum
877 1449 966 1478 mul·

130 1492 320 1530 titudinem,
358 1503 415 1522 seu
444 1492 586 1531 denique
618 1492 790 1530 discipulos
814 1493 966 1529 juvenes.

131 1533 263 1567 Quanta
278 1536 318 1565 sit
343 1537 433 1566 tertia
450 1536 519 1565 haee
541 1536 687 1566 molestia
704 1536 830 1565 dictum
847 1541 894 1564 est
912 1536 966 1565 ubi

132 1577 171 1607 de
188 1578 379 1609 Rlietoribus
396 1589 458 1609 ver.
484 1581 557 1609 150.
582 1581 609 1609 Sc
627 1589 693 1618 seq.
719 1588 911 1618 quanquam
937 1581 966 1609 <Kc

132 1623 234 1660 major
259 1628 307 1651 est
330 1623 365 1652 in
379 1623 617 1660 Grammaticis,
640 1623 681 1653 ob
711 1622 852 1652 rudiores
875 1622 967 1652 disci-

133 1665 288 1703 pulorum
309 1666 443 1695 animos.
486 1666 535 1695 At
558 1667 689 1704 insuper
715 1666 843 1704 duplex
866 1666 901 1694 iis
923 1666 967 1695 la-

133 1708 210 1746 bor,
236 1709 327 1747 alter,
349 1709 437 1748 quod
453 1708 564 1747 legisse
580 1709 737 1747 historias,
754 1716 969 1748 auctoresque

133 1759 262 1790 omnes,
285 1761 406 1791 eosque
423 1752 514 1782 nosse
538 1752 694 1790 tanquam
712 1761 838 1791 ungues
859 1761 896 1781 ac
923 1752 969 1781 di-

134 1795 214 1833 gitos
231 1805 316 1834 suos,
340 1801 377 1824 nt
393 1804 470 1825 mox
489 1797 532 1825 ait
548 1795 718 1826 Juvenalis
734 1806 744 1833 ;
767 1795 858 1832 alter,
882 1795 971 1834 quod

134 1843 263 1876 oportet
280 1839 481 1877 Scriptorum
497 1838 628 1868 'sensum
653 1838 822 1878 diligenter
842 1838 970 1867 investi-

133 1881 234 1919 gasse,
256 1881 408 1920 locosque
423 1882 475 1911 vel
490 1882 694 1911 difficillimos
712 1881 840 1919 penitus
857 1890 971 1910 excus-

134 1924 221 1954 sisse.
269 1923 308 1954 ln
328 1925 391 1955 hoe
407 1924 483 1954 vero
499 1926 599 1963 quarn
615 1925 761 1963 improba
777 1925 817 1954 sit
829 1933 927 1963 opera
941 1926 970 1953 δε

134 1968 301 2005 patientia,
331 1977 429 1998 nemo
457 1969 576 1997 nescit:
615 1967 881 2006 quandoquidem
911 1967 971 2006 ipsi

134 2019 201 2040 sese
214 2011 374 2041 ineassum
390 2021 458 2040 non
473 2011 540 2041 raro
556 2011 759 2048 discrucient,
783 2021 819 2040 ac
834 2010 890 2039 diu
908 2016 970 2040 tor-

136 2059 272 2091 queant.
331 2054 436 2084 Testis
464 2065 550 2084 unus
583 2055 623 2083 sit
652 2053 802 2093 Virgilius
829 2053 970 2092 quodam

135 2095 207 2125 loco
233 2104 266 2125 se
292 2106 420 2127 crucem
446 2097 552 2128 fixisse
574 2096 803 2127 Grammaticis
830 2097 972 2135 ingenue

135 2139 251 2175 pariter
266 2149 303 2169 ac
320 2139 424 2179 lepide
439 2140 610 2170 confessus.
659 2140 741 2170 Vide
756 2140 839 2170 Petr.
853 2140 971 2169 Crinit.

136 2181 191 2211 lib.
218 2182 251 2211 3.
274 2182 354 2212 hon.
381 2183 507 2221 Discip.
541 2193 612 2221 cap.
638 2183 670 2212 8.
697 2189 735 2212 ut
763 2192 830 2212 non
858 2183 912 2212 abs
937 2192 971 2212 re

135 2224 318 2255 Athenaeus
336 2226 430 2255 dicat.
454 2225 508 2255 lib.
528 2227 578 2255 15.
601 2235 672 2264 cap.
695 2228 722 2254 1.
755 2225 973 2256 Grammaticis

136 2267 216 2297 nihil
228 2278 291 2298 esse
305 2269 448 2298 stultius:
473 2269 573 2298 nolim
590 2278 650 2306 ego
665 2268 789 2306 addere,
813 2269 900 2307 quod
917 2269 972 2299 ille

138 2310 189 2340 ibi.
204 2312 336 2350 exceptis
347 2311 495 2349 Medicis,
517 2311 542 2341 εἷ
555 2312 599 2350 μὴ
613 2310 707 2350 ἰατροὶ
718 2309 805 2349 ’ἦα-αν,
827 2309 878 2340 sae*
894 2312 928 2341 ἂν
941 2309 973 2342 ἦν

136 2353 194 2383 τῶν
206 2356 430 2394 nappin-rm&
443 2353 614 2395 μωξὸτεξον.
658 2354 743 2384 Vide-
757 2354 897 2386 Quintil-
915 2355 970 2386 lib.

140 2399 168 2426 1.
191 2407 261 2436 cap.
279 2400 311 2428 4.
333 2399 440 2438 Agell.
463 2398 518 2427 lib.
536 2401 587 2428 14.
611 2407 683 2436 cap.
704 2399 736 2435 5,
761 2398 817 2426 &c.

184 2439 234 2469 Ex
259 2439 327 2479 hoc]
365 2441 394 2471 E
422 2442 549 2471 tantula
587 2449 697 2472 tamen
734 2441 792 2470 ista
829 2442 975 2473 mercede

138 2482 361 2515 Grammaticis
383 2485 547 2523 attributa,
571 2491 647 2515 sunt
673 2483 733 2523 qui
760 2484 914 2514 deradant
937 2495 974 2516 ac

136 2527 320 2566 surripiant.

179 2570 256 2600 217.
278 2569 372 2609 AEra]
397 2571 568 2609 Salarium,
584 2579 715 2601 merces.

181 2612 255 2642 218.
269 2613 445 2653 Acoenitus]
460 2614 591 2654 Legunt
607 2613 742 2653 quidam
757 2611 971 2645 Acoenonetas.

138 2653 271 2686 Nomen
297 2663 345 2687 est
368 2658 420 2687 vcl
445 2658 625 2696 proprium,
648 2657 734 2687 vela
749 2655 844 2686 Po‘eta
859 2657 971 2688 fictum

138 2698 178 2726 ab
194 2698 214 2727 ἆ
236 2700 359 2737 privato
375 2702 403 2730 ὃζ
419 2700 518 2738 κοινὸς,
541 2700 591 2730 vel
612 2699 752 2738 noivv'ivnc,
774 2699 904 2730 fortasse
929 2702 970 2731 ad

138 2740 348 2773 indicandum
363 2743 532 2774 hominem
550 2743 680 2783 privatae
700 2753 765 2773 suae
778 2743 907 2774 utilitati
922 2745 970 2774 ni-

138 2784 255 2823 mium,
278 2787 445 2816 communi
468 2787 581 2827 parurn
597 2786 794 2817 studentem.

180 2828 255 2858 219.
281 2827 342 2861 Qui
360 2829 532 2869 dispensat]
555 2829 776 2860 Oeconomus.

180 2868 318 2911 Frangit
331 2871 407 2910 sibi]
428 2872 508 2903 Inde
531 2873 689 2903 subtrahit
705 2872 793 2912 quod
816 2873 876 2904 sibi
896 2884 970 2915 per-

138 2914 249 2953 peram
266 2914 429 2945 attribuat.

184 2956 276 2994 Cede,
298 2956 470 2998 Palaemon]
506 2959 537 2990 O
563 2959 857 2991 Grammaticorum
887 2970 970 2991 arro-

139 3000 336 3040 gantissime,
359 3001 437 3031 cede
464 3006 576 3033 tamen
599 3005 672 3042 jure
698 3008 769 3041 tuo,
795 3004 824 3034 δε
849 3004 971 3043 aliquid

138 3049 256 3085 sponte
270 3044 421 3086 deperde,
444 3055 487 3075 ne
501 3052 608 3078 totum
624 3047 682 3077 tibi
698 3052 820 3086 pereat.

181 3088 258 3119 220.
295 3086 369 3120 Non
397 3087 502 3130 aliter,
537 3090 642 3131 quam,
665 3089 730 3132 iffa]
769 3091 819 3123 Sic
845 3091 972 3122 institor

1009 1101 1050 1130 de
1073 1101 1196 1131 indicto
1220 1101 1335 1139 majori
1352 1101 1452 1140 pretio
1470 1100 1623 1130 nonnihil
1637 1100 1787 1139 remittit,
1815 1104 1853 1131 ut

1011 1154 1131 1174 merces
1148 1145 1277 1183 vendat,
1301 1155 1337 1174 ac
1353 1144 1419 1175 cito
1430 1145 1593 1174 distrahat.

1052 1189 1128 1218 221.
1169 1188 1314 1226 Cadurci]
1354 1188 1434 1218 Plin.
1473 1188 1528 1217 lib.
1557 1188 1607 1217 19.
1633 1196 1703 1225 cap.
1739 1187 1767 1216 1.
1813 1185 1854 1216 Ir'l

1009 1231 1149 1260 calcitris
1166 1231 1198 1270 (ὲ
1215 1231 1299 1270 lino)
1309 1231 1491 1270 praecipuam
1505 1230 1637 1270 gloriam
1656 1229 1790 1259 Cadurci
1804 1230 1857 1259 ob-

1011 1276 1109 1304 tinent
1127 1274 1299 1304 Galliaram
1315 1274 1380 1312 hoc,
1401 1276 1424 1312 ⁴55
1448 1277 1583 1302 tomenta
1604 1274 1726 1311 pariter
1751 1273 1854 1303 inven-

1011 1322 1085 1347 tam.
1132 1318 1228 1347 Porro
1253 1318 1389 1348 Cadurci
1412 1317 1600 1356 Aquitaniae
1628 1322 1704 1346 sunt
1726 1317 1855 1356 populi.

1011 1361 1212 1398 Verri-acide,
1236 1361 1264 1390 Ie
1283 1361 1411 1400 Quercy.
1827 1368 1830 1369 ⁷

1055 1405 1128 1434 9522.
1150 1404 1322 1434 Dummodo
1345 1414 1402 1433 non
1424 1403 1549 1442 pereat]
1585 1402 1637 1433 Ne
1661 1411 1763 1433 vanus
1784 1411 1853 1433 om-

1010 1448 1090 1477 nino
1118 1449 1158 1477 sit
1190 1453 1267 1478 tuus
1290 1448 1379 1477 labor
1402 1454 1469 1477 tam
1495 1447 1596 1487 gravis
1623 1447 1651 1476 δι
1677 1447 1854 1486 molestus;

1009 1492 1132 1530 nempe
1157 1492 1258 1530 quod,
1285 1492 1344 1520 Sec.

1053 1535 1170 1564 Meclioe
1192 1535 1271 1574 quod
1285 1535 1382 1564 noctis
1396 1534 1434 1564 ab
1449 1533 1538 1572 liora]
1564 1533 1662 1567 Quod
1677 1533 1758 1563 dum
1773 1533 1854 1563 fabri

1013 1579 1041 1607 δε
1059 1579 1191 1608 artifices
1206 1579 1394 1617 quiescunt,
1418 1585 1454 1607 tu
1480 1578 1600 1617 cogeris
1627 1578 1659 1606 in
1677 1577 1754 1606 ludo
1772 1586 1853 1615 esse,

1012 1623 1040 1650 ἃ
1068 1622 1211 1652 scholam
1235 1622 1370 1661 aperire,
1394 1627 1505 1660 teque,
1542 1627 1578 1650 ut
1604 1620 1651 1658 fit,
1675 1619 1856 1660 defatigare.

1012 1665 1108 1694 Porro
1126 1665 1213 1705 quod
1229 1666 1297 1705 ipsa
1312 1669 1408 1695 nocte
1423 1665 1541 1694 scholae
1567 1665 1596 1693 &
1610 1663 1680 1693 ludi
1703 1663 1858 1702 frequen-

1012 1709 1072 1738 tari
1097 1709 1246 1747 solerent,
1270 1715 1405 1739 testatur
1434 1715 1523 1738 vetus
1548 1707 1654 1737 Schol.
1681 1708 1709 1736 <Sc
1736 1707 1858 1736 indicat

1014 1751 1154 1781 Martial.
1179 1752 1232 1781 lib.
1251 1753 1284 1782 9.
1305 1752 1470 1791 Epigram.
1489 1751 1540 1781 70.

1104 1794 1186 1827 Quid
1202 1795 1258 1824 tibi
1273 1796 1423 1825 nobiscum
1439 1794 1505 1824 ludi
1519 1794 1668 1823 scelerate
1679 1793 1835 1833 magister,

1145 1838 1281 1867 Invisum
1292 1839 1394 1876 pueris
1406 1837 1634 1878 virginibusque
1649 1841 1742 1875 caput
1755 1835 1770 1865 2

1102 1880 1245 1910 Nondum
1259 1881 1382 1910 cristati
1395 1880 1504 1918 rupere
1518 1880 1641 1910 silentia
1652 1879 1737 1919 galli
1752 1890 1768 1915 ,-

1144 1925 1306 1954 Murmure
1323 1924 1393 1962 jam
1409 1933 1498 1962 satvo,
1513 1923 1740 1961 verberibusque
1756 1926 1857 1962 tonas,

1192 1969 1251 1997 ἃς.

1058 2011 1132 2040 223.
1171 2009 1300 2047 Sedi..-ti]
1329 2010 1391 2040 Vel
1419 2009 1569 2039 dictanda
1598 2009 1768 2047 nieditanS,
1804 2008 1858 2038 vel

1017 2054 1123 2092 potius
1148 2054 1181 2083 in
1197 2055 1306 2084 schola
1329 2053 1484 2083 meditata
1501 2053 1704 2092 praecipiens,
1728 2051 1855 2082 tradens

1017 2098 1184 2134 lectiones,
1202 2107 1301 2136 pensa
1317 2098 1459 2137 exigens.

1058 2140 1206 2179 sedebat]
1227 2141 1265 2170 In
1282 2141 1415 2171 officinis
1429 2139 1575 2169 laborans
1589 2139 1754 2169 residebat.

1057 2185 1134 2213 224.
1176 2184 1236 2217 Qui
1251 2185 1337 2214 docet
1353 2183 1485 2222 obliquo,
1508 2182 1576 2221 αξη]
1610 2182 1775 2212 Lanarum
1792 2191 1857 2212 car·

1014 2227 1167 2258 minator.

1060 2270 1191 2310 Obliquo
1206 2272 1309 2301 lanam
1326 2271 1471 2301 deducere
1476 2269 1583 2308 ferro]
1619 2269 1733 2298 Hamis
1749 2268 1857 2298 ferreis

1016 2313 1147 2354 oblique
1175 2315 1211 2345 in
1240 2316 1350 2345 tabula
1377 2314 1500 2352 defixis,
1524 2322 1580 2352 per
1607 2321 1689 2352 quos
1717 2311 1856 2341 deducta

1015 2357 1090 2386 lana
1106 2362 1302 2388 attenuatur.

1060 2401 1135 2430 225.
1162 2400 1309 2439 Offecisse
1336 2399 1487 2438 lacernas]
1522 2398 1661 2429 Gravem
1689 2403 1737 2428 tot
1766 2398 1855 2437 lych-

1018 2453 1136 2474 norum
1151 2443 1282 2474 fumum
1298 2446 1327 2474 &
1344 2444 1474 2474 odorem
1492 2443 1670 2481 pertulisse,
1694 2448 1775 2480 quot
1790 2442 1856 2470 dis-

1019 2488 1120 2526 cipuli
1134 2488 1265 2517 aderant
1278 2489 1312 2518 in
1328 2487 1417 2525 ludo,
1442 2487 1476 2515 in
1491 2495 1568 2515 eum
1586 2490 1684 2515 nocte
1699 2485 1857 2515 conveni·

1019 2537 1121 2568 enteS,
1136 2535 1174 2560 ut
1190 2540 1270 2560 mox
1286 2535 1437 2560 notatum
1453 2535 1510 2558 est.

1058 2574 1134 2604 226.
1157 2574 1289 2603 Decolor
1300 2572 1443 2610 Flaccus]
1467 2571 1594 2601 Horatii
1614 2571 1719 2602 codex
1732 2572 1761 2601 δι
1779 2571 1855 2601 Vir·

1015 2616 1098 2656 gilii,
1125 2626 1299 2655 puerorum
1323 2616 1474 2645 manibus
1490 2616 1630 2653 attritus,
1657 2614 1854 2651 maculatus,

1014 2660 1178 2697 deformis,
1193 2660 1383 2699 deturpatus
1397 2667 1458 2688 usu
1473 2659 1502 2688 &
1514 2658 1766 2688 contrectatione
1776 2666 1854 2687 con-

1015 2702 1117 2733 tinua.

1059 2746 1090 2775 F
1088 2744 1192 2787 uligo]
1230 2745 1410 2786 Multiplici
1425 2748 1472 2775 tot
1486 2745 1504 2775 ὲ
1519 2744 1724 2784 lampadibus
1736 2753 1856 2783 vapore

1017 2790 1045 2819 dc
1063 2789 1155 2818 fumo
1171 2793 1286 2818 creata.

1058 2833 1135 2861 227.
1157 2831 1302 2871 Maroni]
1326 2831 1439 2862 Codici
1465 2831 1655 2871 Virgiliano.
1702 2829 1755 2858 Ex
1784 2837 1853 2870 quo

1016 2881 1106 2913 patet
1122 2875 1195 2913 ipsis
1219 2875 1374 2905 Romanis
1399 2876 1542 2905 studiose
1566 2875 1629 2913 legi
1652 2873 1761 2902 solitos
1776 2872 1854 2902 cum

1016 2918 1106 2947 hunc
1128 2916 1300 2948 Po‘e'tarum
1323 2918 1545 2949 Romanorum
1562 2917 1756 2954 Principem,
1780 2915 1852 2945 tum

1015 2960 1132 2992 Vatem
1148 2961 1370 3000 Venusinum,
1385 2962 1575 3002 Lyricorum
1591 2959 1731 2997 delicias,
1748 2967 1852 2998 quem

1015 3010 1054 3034 ut
1068 3010 1188 3035 tersum
1204 3005 1363 3044 imprimis
1379 3015 1415 3035 ac
1430 3014 1565 3045 purum,
1589 3004 1618 3033 <Sc
1639 3001 1678 3032 ad
1695 3001 1855 3032 notandos

1014 3047 1191 3078 hominum
1203 3058 1306 3079 mores
1313 3049 1527 3092 praeeipuum,
1534 3045 1742 3079 commendat
1747 3044 1856 3080 Quin-

1016 3091 1063 3122 til.
1086 3091 1142 3122 lib.
1161 3093 1214 3125 10.
1236 3101 1307 3133 cap.
1322 3094 1348 3123 1.
