1948 3281
641 78 669 121 J
673 74 983 122 UVENALIS
1016 73 1237 119 SATIRA
1268 76 1331 120 ΙΙ.

127 172 303 229 Uvaque
325 172 547 228 conspecta
566 168 736 213 livorem
759 168 875 211 ducit
896 168 947 210 ab
966 184 1060 211 uva.
1085 197 1089 201 «
1116 195 1128 206 -.

127 231 299 273 Foedius
320 231 402 272 hoc
424 228 578 284 aliquid
600 229 850 285 quandoque
871 227 1041 269 audebis
1059 226 1230 269 amictu.

960 285 1184 341 Accipient
1208 296 1247 327 te

129 345 329 388 Paulatim
354 347 426 403 qui
449 345 572 403 longa
593 344 708 386 domi
730 344 969 386 redimicula
990 352 1164 386 sumunt

127 403 365 456 Frontibus,
393 405 431 446 Sc
454 413 542 445 toto
568 405 740 459 posuere
761 402 935 445 monilia
957 403 1079 455 collo,

125 462 270 518 Atque
291 463 452 504 Bonam
477 472 627 504 tenerae
651 462 814 518 placant
834 460 1054 503 abdomine
1077 475 1230 517 porcae,

125 520 182 561 Et
203 535 356 577 magno
380 530 528 562 cratere
548 521 685 562 Deam
705 536 715 561 ε
749 520 817 561 sed
851 534 965 562 more
988 519 1153 561 sinistro

128 578 347 635 Exagitata
365 579 506 633 procul
532 593 617 620 non
640 578 763 620 intrat
784 578 962 620 foemina
982 577 1125 620 limen.

127 635 235 677 Solis
256 651 322 678 ara
342 638 448 678 Deae
470 637 650 678 maribus
674 645 782 691 patet
801 652 812 676 ε
854 635 908 678 ite
925 635 1124 691 profanae,

129 693 371 736 clamatur:
414 695 529 736 nullo
552 694 678 751 gemit
702 694 772 735 hte
796 693 968 736 tibicina
987 708 1132 736 cornu.

126 288 306 332 NEMO
332 286 496 344 repente
517 287 595 328 fuit
618 286 898 342 turpissimus.

129 751 245 793 Talia
263 754 417 794 secreta
437 753 652 794 coluerunt
676 751 805 807 Orgia
820 752 916 793 teda

128 807 374 865 Cecropiam
399 810 507 852 soliti
531 811 674 864 Baptae
698 809 844 851 lassare
866 810 1058 866 Cotytto.

1796 86 1852 129 25

1335 173 1358 209 ς·
1373 181 1509 205 racemus
1524 172 1564 203 ab
1588 174 1649 207 alio
1672 187 1790 210 racemo
1806 184 1852 213 vi.

1334 226 1385 245 sus
1399 216 1525 247 lividum
1533 217 1673 250 colorem
1686 224 1855 257 contrahit.

1338 258 1504 299 Quiclpiam
1532 260 1591 291 illa
1620 268 1703 293 veste
1734 269 1854 307 Impius

1334 302 1710 343 aliquandopeoepetrabio.
1734 310 1854 344 Nullus

1335 347 1637 385 subitrijhwlisvimus
1647 352 1754 381 evasit.
1778 354 1854 385 Sen-

1302 402 1322 441 ἦ
1336 391 1392 419 sim
1407 395 1435 420 te
1448 391 1614 422 admittent
1628 395 1680 431 qui
1694 395 1724 424 in
1741 398 1855 429 cedibus

1299 430 1306 441 ¹
1337 433 1450 473 longas
1473 435 1581 465 taeuias
1598 438 1753 476 accipiunt
1781 444 1855 471 lem-

1331 478 1472 517 poribus,
1501 488 1539 508 ac
1565 480 1633 509 lolli
1651 483 1767 513 cervice
1792 488 1854 514 tor-

1339 531 1411 559 ques
1421 526 1531 561 aptant
1545 534 1555 551 .·
1581 525 1603 560 (ξς
1620 523 1739 555 Bonam
1754 526 1856 558 Deam

1339 564 1508 596 conciliant
1534 571 1640 596 ventre
1665 569 1728 598 suis
1754 570 1856 602 molli-

1339 608 1428 648 euloe,
1461 613 1554 648 atque
1586 612 1700 648 patet-12
1737 615 1857 653 capaci.

1340 652 1384 682 At
1397 662 1540 691 perverso
1566 653 1628 684 rilu
1656 655 1749 696 longe
1760 657 1856 696 pulsa

1272 692 1328 734 90
1339 695 1448 726 mulier
1451 697 1586 735 januam
1598 708 1658 727 non
1670 700 1855 739 ingreditur.

1339 739 1404 768 Ara
1420 740 1494 770 Deae
1510 741 1578 770 unis
1593 747 1638 771 est
1655 748 1764 782 aperta
1776 753 1857 775 'aas‘

1338 782 1426 813 culis.
1476 782 1693 823 Vociferantui·
1704 798 1714 815 :
1752 787 1855 818 absce-

1336 826 1402 856 <lite
1413 826 1566 866 prqf'anae.
1611 828 1688 860 Illic
1709 830 1798 860 nulla
1816 831 1857 861 ti-

126 868 228 899 bicina
250 879 343 899 corma
370 870 503 900 insonat.
546 867 658 909 Baptae
681 868 797 900 assueti
811 868 962 910 fatigare
979 868 1106 910 Cotytia
1130 867 1307 909 Cecropiam
1322 869 1479 900 celebrant
1502 872 1651 911 ejusmodi
1669 873 1781 915 Orgia,
1803 885 1856 905 ar-

125 913 206 942 ςαηίι
218 912 307 950 juce.

125 1055 235 1095 diores,
259 1055 396 1095 quoeclam
418 1055 569 1095 sicciores,
592 1059 723 1087 exeunte
748 1066 787 1087 esc
811 1055 965 1096 aliquibus

123 1100 222 1138 sanie,
239 1101 289 1137 ᾃε.

168 1142 360 1183 Por-rigine]
394 1143 529 1174 Morbus
554 1150 606 1174 est
628 1152 801 1183 porcorum
816 1146 915 1175 simul
933 1147 963 1175 ἃ

125 1186 313 1226 hominum,
337 1197 403 1226 quo
427 1197 571 1227 squamae
594 1188 696 1217 veluti
711 1187 861 1227 quaedam
880 1190 964 1219 inter

123 1229 207 1269 pilos
221 1237 401 1270 exurgunt,
427 1231 592 1261 interdum
609 1231 788 1269 madentes,
813 1232 888 1261 alias
904 1233 961 1262 sic-

125 1282 184 1310 cae,
200 1279 237 1303 ut
251 1274 348 1304 habet
362 1275 446 1304 idem
464 1274 586 1304 Celsus.

168 1317 221 1346 81.
251 1317 376 1355 Uvaqzae
392 1321 553 1356 conspecta
569 1316 694 1347 liz-orem
718 1318 802 1348 ducit
818 1319 857 1348 ab
878 1319 963 1358 ura]

124 1360 215 1390 Sicut
231 1361 327 1391 etiam
342 1371 404 1391 uva
419 1367 569 1400 corrupta
585 1362 770 1399 proximam
786 1371 883 1392 uvam
895 1372 962 1393 cor-

124 1404 249 1443 rumpit
265 1414 305 1433 ex
320 1410 483 1435 contactu.
532 1405 636 1434 Aliter
651 1405 796 1443 explicat
809 1405 961 1436 Hadrian.

122 1445 268 1477 Turneb.
285 1448 339 1477 lib.
356 1450 406 1478 15.
421 1458 491 1487 cap.
507 1449 557 1477 17.
574 1448 713 1487 vultque
725 1448 857 1479 poetam
871 1449 964 1488 loqui

121 1498 166 1519 ex
182 1491 336 1529 opinione
351 1492 441 1531 vulgi
454 1491 668 1521 existimantis
680 1496 919 1522 maturescente
933 1494 960 1522 δε

120 1532 295 1565 livescente
311 1534 377 1564 una
394 1535 470 1572 uva,
491 1535 584 1566 aliam
608 1535 749 1565 vicinam
765 1544 808 1565 ex
829 1536 962 1566 aemula—

121 1575 213 1608 tione
241 1578 382 1618 quadam
409 1579 518 1609 statim
547 1578 707 1609 livescere⁴
763 1577 868 1609 Favet
899 1585 963 1610 vet.

122 1617 233 1651 Schol.
245 1622 356 1652 dicens
369 1633 375 1650 :
400 1622 475 1652 Hoc
489 1623 506 1651 e
523 1621 690 1651 Proverbio
702 1622 863 1653 stunitur:
895 1623 963 1653 Uva

119 1670 212 1692 utam
230 1665 360 1694 videndo
375 1665 462 1695 varia
473 1665 528 1701 fit.

166 1706 218 1736 82.
241 1707 366 1737 Foedius
392 1707 447 1737 hoc
462 1708 594 1746 aliquid,
617 1707 682 1746 ssa]
717 1708 798 1738 Haec
820 1709 964 1741 vestium

122 1750 276 1781 mollities
293 1751 331 1780 ad
346 1751 470 1789 aliquid
488 1753 581 1790 pejus
593 1758 627 1781 te
640 1751 790 1790 deducet,
805 1752 962 1785 nimirum

123 1793 162 1822 ad
180 1793 325 1824 infandas
340 1794 501 1824 libidines.

171 1837 222 1866 83.
246 1836 346 1867 Nemo
362 1837 564 1876 repentefitit
579 1836 796 1876 turpissimus]
835 1837 962 1869 Gradus

121 1886 199 1910 sunt
211 1881 371 1911 virtutum
384 1882 431 1910 sic
446 1882 476 1910 <Sc
492 1881 658 1910 vitiorum.

164 1923 327 1963 Accipient
344 1923 399 1962 ten]
435 1925 542 1953 Suum
559 1924 593 1952 in
606 1924 806 1953 consortium
823 1928 856 1954 te
869 1934 961 1956 assu-

122 1972 215 1997 ment
237 1968 358 2007 impuri
373 1972 500 2006 mystae,
526 1975 668 2005 quorum
695 1967 838 1997 instituit
855 1968 961 1999 Colle-

121 2010 212 2049 gium
238 2010 448 2041 Domitianus
483 2010 521 2040 ad
555 2009 774 2048 Quinquatria
803 2009 960 2043 Minervae

121 2054 297 2091 quotannis
324 2055 358 2083 in
372 2054 501 2084 Albano
518 2053 730 2083 celebranda:
754 2063 798 2083 ex
822 2053 960 2086 Sueton.

122 2095 250 2126 Domit.
275 2106 346 2135 cap.
362 2100 393 2127 4.
416 2097 547 2127 Horum
564 2097 728 2127 lasciviam
748 2097 804 2127 hic
831 2097 850 2126 a
865 2097 962 2130 Poeta

122 2139 327 2178 potissimum
343 2140 536 2179 reprehendi
552 2140 706 2170 nonnulli
720 2140 938 2172 contendunt.

166 2182 218 2212 84.
241 2181 352 2223 Longa
367 2182 570 2220 redimicula]
592 2181 830 2222 Redimz'culrmz,
843 2185 962 2215 mulie-

121 2225 183 2255 bris
211 2227 323 2265 capitis
339 2232 592 2263 ornamentum3
615 2225 752 2256 fasciolae
778 2236 834 2256 seu
855 2230 960 2259 taeniae

122 2268 141 2297 ὲ
155 2268 249 2298 mitra
264 2269 500 2308 dependentes.
545 2269 635 2299 Tull.
653 2269 742 2300 Verr.
755 2271 785 2299 5.
799 2270 869 2300 haec
885 2272 960 2301 civi-

122 2317 168 2340 tas
197 2312 326 2342 mulieri
353 2310 739 2351 redimiculum,praebeam
784 2312 868 2343 Vide
889 2313 961 2344 Vir-

121 2355 176 2394 gil.
199 2354 327 2386 AEneid.
343 2357 375 2386 9.

205 2398 252 2428 Et
283 2400 392 2429 tunica>
421 2399 571 2437 manicas,
598 2401 621 2437 ‘S'
647 2397 760 2429 liabent
783 2399 962 2432 redimicula

292 2444 398 2472 mitroe.

162 2485 259 2515 Domi
273 2485 421 2525 sumunt]
460 2485 550 2516 Hinc
567 2489 658 2524 patet
672 2494 741 2523 non
758 2486 891 2525 publica
905 2489 961 2518 sed

120 2529 246 2567 privata
260 2528 360 2560 fuisse
375 2529 604 2560 conventicula
622 2529 798 2560 hominum
815 2531 960 2570 impuro-

120 2581 193 2602 rum
211 2573 240 2603 &
254 2574 421 2611 mollium,
434 2573 492 2612 qui
504 2572 702 2602 muliebriter
717 2574 821 2603 ornati
832 2575 961 2606 easdem

120 2614 203 2644 inter
214 2625 248 2646 se
258 2617 406 2646 libidines
420 2617 446 2646 ἃ-
463 2615 630 2654 spurcitias
642 2617 864 2656 committant,
877 2628 959 2658 quas

119 2657 266 2690 solebant
280 2660 433 2690 mulieres
447 2661 481 2689 in
497 2658 598 2688 Sacris
615 2659 712 2689 Bona:
730 2660 820 2690 Deae.

165 2699 219 2730 86.
253 2703 357 2741 Atque
382 2702 503 2732 Bonum
537 2706 658 2739 teneroe,
685 2702 750 2741 130]
800 2704 960 2735 Describit

121 2743 200 2773 ritus
230 2745 246 2775 ὲ
273 2746 415 2776 foeminis
441 2746 555 2776 servari
579 2745 687 2775 solitos
711 2746 747 2776 in
776 2747 878 2777 Sacris
895 2748 958 2779 illis

119 2789 296 2818 nocturnis.

163 2829 284 2860 Bonam
299 2830 424 2870 Deam]
462 2832 528 2862 Seu
555 2832 691 2870 Maiam,
714 2841 773 2863 seu
798 2833 959 2873 Proserpi-

119 2882 210 2911 nam,
241 2874 364 2913 Opem,
396 2877 456 2906 διο.
478 2876 623 2907 Macrob.
649 2877 705 2907 lib.
733 2877 762 2906 1.
795 2877 946 2908 saturnal

119 2926 191 2956 cap.
211 2918 261 2947 12.

161 2960 334 2991 Abdomine
354 2961 480 3001 μανι-ιε]
532 2962 639 2993 Porcoe
667 2972 784 2995 sumen
807 2963 958 3002 opimum

119 3001 265 3043 Antiqui
277 3004 440 3035 abdomen
463 3006 631 3045 vocabant,
659 3007 768 3047 inquit
795 3007 878 3038 Plin.
905 3007 961 3039 lib.

121 3047 174 3076 11.
196 3056 270 3085 cap.
281 3047 336 3077 37.
380 3048 474 3080 Porro
488 3050 568 3088 quid
589 3050 716 3090 proprie
737 3051 888 3081 abdomen
906 3050 961 3080 de-

121 3089 229 3121 scribit
241 3089 340 3124 Com.
357 3090 445 3125 Cels.
459 3092 516 3125 lib.
529 3094 560 3126 4.
575 3103 648 3135 cap.
665 3095 694 3127 1.
736 3094 825 3136 Ipsa,
839 3093 964 3136 inquit,

1007 1056 1064 1087 ilia
1079 1057 1161 1087 inter
1178 1067 1272 1087 coxas
1297 1058 1320 1095 es·
1342 1053 1571 1096 pul-emposita
1588 1062 1672 1097 sunt,
1702 1059 1723 1090 cz
1747 1060 1855 1099 quibus

1008 1101 1154 1130 abdomen
1171 1111 1289 1132 sursum
1306 1102 1347 1129 ml
1358 1101 1528 1139 proecordz'a
1539 1102 1692 1141 pem-enit.

1052 1144 1103 1174 87.
1131 1143 1283 1183 Crater-e]
1323 1144 1361 1174 In
1391 1145 1489 1174 Sacris
1506 1145 1622 1175 vinum
1638 1144 1852 1180 fundebatur.

1006 1187 1117 1227 Virgil.
1142 1189 1269 1225 passim.
1293 1187 1421 1218 AEneid.
1448 1190 1476 1217 ξ).

1093 1230 1219 1260 -l'c'mz
1235 1231 1539 1270 liquenticts'undam.

1008 1273 1091 1304 Vide
1109 1276 1175 1304 Sat.
1196 1276 1245 1304 12.
1262 1285 1290 1304 V.
1309 1274 1326 1303 8
1357 1275 1385 1304 &
1403 1275 1476 1304 ibid.
1504 1276 1629 1306 Annot.

1051 1317 1143 1347 ,More
1157 1318 1308 1356 sinistro]
1334 1318 1503 1348 contrario
1521 1329 1648 1358 prorsus
1661 1329 1696 1350 ac
1710 1321 1848 1354 inverso.

1008 1359 1094 1391 Nam
1112 1362 1212 1391 Bonae
1228 1361 1306 1391 Deoe
1321 1362 1394 1391 501ae
1412 1361 1553 1392 foeminae
1572 1364 1802 1406 sacrificabant,
1814 1370 1849 1398 at

1008 1404 1061 1434 hic
1078 1405 1137 1434 soli
1151 1405 1211 1434 viri
1221 1405 1449 1435 admittuntur.

1052 1448 1101 1479 89.
1129 1448 1298 1486 IlIarz'bus]
1324 1447 1365 1477 Et
1382 1448 1515 1487 quidem
1534 1449 1750 1482 effoeminatis.

1049 1491 1100 1521 Ite
1116 1491 1286 1530 profanae]
1322 1491 1412 1522 Sicut
1441 1493 1474 1522 in
1500 1493 1678 1524 mulierum
1704 1496 1805 1527 Sacris
1827 1495 1846 1528 ὲ

1006 1536 1117 1565 contra
1132 1547 1138 1564 z
1163 1535 1277 1566 Procul
1295 1535 1338 1564 ite
1356 1535 1481 1574 profani
1527 1536 1655 1576 Proprie
1669 1538 1737 1579 hic,
1755 1540 1851 1581 quasi

1005 1580 1101 1617 porro
1117 1579 1135 1607 a
1152 1579 1227 1609 fano
1243 1584 1324 1616 este,
1340 1579 1394 1613 ite,
1409 1578 1572 1609 discedite.

1051 1621 1104 1653 90.
1132 1622 1271 1653 Tibia-ina
1287 1622 1406 1660 cornu]
1441 1622 1535 1653 Varia
1552 1624 1781 1666 instrumenta,
1795 1630 1849 1659 tu·

1006 1663 1058 1703 ba,
1072 1675 1186 1703 cornu,
1199 1666 1277 1696 tibia
1292 1667 1326 1695 in
1344 1666 1446 1695 Sacris
1458 1666 1707 1699 adhibebantur.

1050 1709 1103 1739 91.
1129 1709 1218 1739 Talia
1231 1713 1348 1739 secreta
1362 1709 1534 1748 coluerunt,
1551 1710 1615 1748 550]
1640 1711 1722 1745 Quae
1735 1714 1775 1744 ab
1788 1714 1848 1745 illis

1007 1752 1161 1783 mollibus
1186 1754 1215 1782 δε
1239 1753 1446 1783 effoeminatis
1461 1754 1534 1783 viris
1551 1761 1717 1792 patrantur
1734 1757 1848 1788 Roma:

1007 1793 1127 1834 flagitia
1143 1797 1178 1826 in
1203 1797 1284 1827 fictis
1307 1797 1406 1826 Bonae
1425 1796 1504 1826 Deae
1524 1798 1638 1836 Sacris,
1667 1799 1742 1830 talia
1758 1806 1849 1840 sunt,

1006 1839 1112 1874 qualia
1127 1840 1360 1869 eXercebantur
1384 1840 1418 1868 in
1435 1839 1587 1879 Cotyttiis
1603 1842 1691 1880 apud
1709 1844 1849 1874 Atheni-

1007 1889 1110 1910 enses.

1054 1923 1177 1964 Orgia]
1216 1924 1337 1954 Bacchi
1367 1926 1472 1963 Sacra,
1508 1927 1551 1956 sic
1590 1927 1674 1957 dicta
1705 1930 1745 1959 ab
1768 1928 1851 1970 ὄξγῒς

995 1966 1119 2003 furore.
1158 1968 1242 1998 Vide
1256 1978 1329 2008 quae
1346 1968 1385 1998 de
1398 1968 1655 2001 Bacchanalibus
1670 1970 1740 2002 dixi
1755 1974 1849 2007 initio

1006 2009 1106 2048 hujus
1121 2012 1241 2041 Satirae.

1049 2052 1199 2093 Secreta]
1234 2054 1394 2094 Mystica;
1420 2056 1481 2085 nisi
1505 2057 1610 2094 potius
1626 2064 1800 2090 nocturnas
1819 2062 1845 2091 ὁὶ

1006 2095 1221 2128 clandestinas
1237 2098 1385 2128 libidines
1410 2099 1581 2129 Sacrorum
1599 2101 1728 2132 illorum
1746 2109 1848 2134 notat.

1053 2139 1162 2181 Tedci]
1185 2141 1267 2171 Vide
1281 2143 1347 2172 Sat.
1369 2143 1396 2171 1.
1416 2151 1446 2171 v.
1468 2144 1538 2172 155.
1555 2153 1612 2174 seu
1626 2145 1709 2176 Plin.
1723 2145 1779 2177 lib.
1798 2148 1849 2178 16.

1003 2192 1077 2222 cap.
1094 2186 1143 2215 10.

1048 2227 1101 2258 92.
1127 2226 1330 2268 Cecropiam]
1346 2229 1377 2258 A
1396 2227 1528 2268 Cecrope
1543 2231 1646 2268 primo
1664 2231 1848 2264 Athenien-

1005 2270 1090 2301 sium
1116 2270 1204 2311 Rege
1226 2272 1456 2302 denominatur
1481 2273 1565 2311 saepe
1592 2274 1622 2302 id
1645 2284 1744 2304 omne
1760 2278 1850 2315 quod

1006 2313 1046 2344 ad
1070 2314 1218 2345 Athenas
1237 2320 1339 2354 atque
1364 2317 1547 2346 universam
1573 2317 1719 2347 Atticam
1746 2320 1847 2359 regio-

1006 2366 1083 2386 nem
1099 2359 1250 2396 pertinet..

1051 2400 1202 2440 Cotytto.]
1240 2404 1390 2432 Accusat.
1406 2402 1508 2432 Graec.
1526 2408 1646 2441 quartze
1661 2402 1847 2436 Declinati-

1005 2443 1086 2473 onis.
1131 2444 1180 2474 Ea
1194 2444 1257 2475 fuit
1270 2446 1414 2475 saltatrix
1435 2446 1650 2484 spurcissima,
1667 2454 1738 2485 post
1758 2458 1849 2480 mor-

1006 2491 1073 2517 tem
1088 2488 1123 2518 in
1134 2488 1349 2526 Impudentiae
1370 2488 1474 2518 Deam
1491 2494 1674 2519 consecrata
1690 2490 1846 2532 Athenis,

1006 2531 1036 2560 <Sc
1052 2533 1216 2562 nocturnis
1232 2532 1333 2562 Sacris
1348 2531 1438 2561 omni
1452 2531 1626 2563 libidinum
1644 2543 1760 2573 genere
1776 2536 1847 2575 ple-

1004 2574 1054 2603 nis
1069 2575 1168 2604 culta.

1050 2615 1208 2656 Lassora]
1232 2617 1280 2647 Ea
1294 2617 1413 2656 nempe
1430 2619 1520 2648 Sacra
1542 2620 1764 2651 saltationibus
1784 2622 1848 2652 im-

1004 2661 1129 2700 pudicis
1158 2661 1197 2691 ad
1224 2662 1407 2691 satietatem
1433 2671 1536 2701 usque
1566 2662 1595 2691 8ῑ.
1624 2664 1847 2696 lassitudinem

1004 2705 1249 2744 peragebantur.

1048 2746 1189 2787 Baptae]
1234 2745 1311 2777 Ἀπὸ
1341 2745 1382 2776 τῦ
1414 2744 1543 2784 Birtha,
1590 2749 1706 2788 lavore,
1745 2750 1846 2782 dictiz

1004 2792 1082 2829 quia
1097 2789 1182 2828 aqu&
1195 2790 1295 2820 calida
1308 2791 1493 2830 tingebatur
1508 2792 1566 2820 illis
1581 2792 1681 2822 Sacris
1697 2793 1848 2833 Cotyttfis

1003 2834 1133 2863 initiati.
1196 2834 1331 2864 Politian
1380 2834 1494 2864 Miscel
1546 2844 1614 2873 cap.
1652 2836 1699 2865 lo.
1739 2837 1846 2875 Porro,

1003 2876 1128 2917 Baptae,
1150 2877 1266 2907 titulus
1281 2876 1458 2907 Comoediae
1488 2877 1649 2916 Eupolidis
1674 2878 1789 2918 Poetae,
1812 2881 1847 2910 in

1004 2930 1069 2959 qua
1084 2921 1166 2950 viros
1182 2921 1322 2951 Athenis
1337 2921 1376 2950 ad
1399 2921 1614 2951 imitationem
1636 2922 1847 2954 foeminarum

1003 2964 1156 2994 saltantes
1180 2964 1307 2993 inducit
1322 2966 1350 2993 Sc
1368 2965 1528 3002 psaltriam
1556 2966 1721 2995 lassantes.
1766 2966 1848 2997 Vet.

1005 3007 1116 3037 Schol.
1137 3007 1226 3037 cum
1254 3013 1367 3037 autem
1389 3007 1568 3046 Baptarum
1593 3008 1756 3040 lasciviam
1778 3009 1846 3040 Eu-

1006 3050 1088 3089 polis
1103 3051 1347 3090 proscripsisset,
1370 3051 1410 3080 ab
1425 3051 1488 3081 illis
1504 3051 1538 3080 in
1555 3060 1643 3082 mare
1665 3052 1847 3094 praecipita-

1006 3099 1058 3126 tus
1074 3095 1105 3126 ὅς
1119 3093 1305 3127 submersus
1320 3093 1417 3129 fuisse
1428 3094 1556 3130 dicitur.
