1948 3281
643 83 670 127 J
675 81 984 128 UVENALIS
1015 81 1234 125 SATIRA
1265 83 1391 126 XIV.

137 177 280 235 Atque
301 175 474 227 habitas,
509 173 621 217 Coro
644 189 803 230 semper
823 173 1029 216 tollendus
1054 173 1094 215 δε
1117 172 1287 224 Austro,

139 235 341 287 Perditus‚
364 249 411 276 ac
433 231 525 275 vilis
548 232 655 275 sacci
678 241 880 274 mercator
901 231 1050 272 olentis
1071 247 1082 282 3

136 292 222 351 Qui
245 292 398 349 gaudes
419 291 572 348 pingue
593 290 775 346 antiquae
799 289 848 331 de
870 289 1005 331 littore
1030 288 1166 331 Cretae

137 353 325 400 Passum,
352 349 392 391 δι’,
412 349 643 404 municipes
664 347 780 390 Jovis
802 347 1010 388 advexisse
1032 346 1225 402 lagenas?

137 408 223 449 Hie
246 417 384 449 tamen
405 406 574 462 ancipiti
599 406 726 463 figens
749 405 916 460 vestigia
939 405 1078 460 planta

1799 86 1882 132 247

1353 184 1391 204 ac
1416 184 1589 216 permanes,
1628 186 1781 218 nunquam
1813 189 1872 210 non

1345 218 1561 258 jactabundus
1574 220 1675 250 Cauro
1686 226 1780 261 atque
1793 224 1871 254 Aus-

1353 266 1413 299 tro,
1432 262 1616 301 despermus,
1629 266 1651 302 ἐξ
1664 265 1806 304 ignobilis
1819 276 1870 296 ne-

1253 289 1489 345 270gotiator
1513 306 1631 336 sacculi
1651 308 1796 344 octonum·
1817 311 1870 348 qui

1350 357 1387 377 ex
1415 348 1517 387 opima
1542 351 1653 380 veleris
1678 349 1775 380 Cretae
1798 353 1867 390 ripa

1350 390 1514 422 delectaris
1538 396 1701 432 apportare
1723 394 1866 434 mulsam,

1349 435 1372 471 ἐς
1394 435 1482 465 ,lovis
1497 436 1662 475 municipes
1683 436 1864 475 amphoras:

133 465 308 508 Victum
325 464 394 506 illa
407 464 592 506 mercede
609 472 736 519 parat,
759 462 1047 517 brumamque,
1070 461 1306 518 famemque
1348 477 1403 507 ine
1419 477 1613 509 nihilomiuus
1628 479 1715 509 dubio
1728 481 1806 519 pede
1818 481 1863 510 in-

134 522 212 564 Illa
234 532 336 564 reste
358 535 498 564 cavet:
534 532 577 563 tu
602 531 763 577 propter
785 520 896 561 mille
919 519 1084 571 talenta,

848 577 1004 633 Aspice
1028 588 1168 633 portus

987 635 1084 677 Plus
1109 634 1330 677 hominum
1344 649 1588 683 inconsideratus
1603 653 1634 682 id
1660 653 1735 684 facis
1757 654 1793 683 ob
1815 657 1866 683 ta-

131 581 187 622 Et
208 591 377 622 centum
402 580 513 622 villas
538 578 788 620 temerarius.

130 638 187 680 Et
207 637 378 694 plenum
402 636 562 694 magnis
584 635 765 679 trabibus
786 650 913 677 mare.

364 706 424 737 est
438 695 528 751 jam

130 753 183 795 In
207 754 364 810 pelago,

425 752 575 795 Veniet
597 750 737 793 classis
758 765 1025 807 quocumque
1047 749 1201 793 vocarit

131 812 234 865 Spes
258 812 386 853 lucri:
419 825 495 852 nec
519 809 806 865 Carpathium,
840 809 1090 864 Gaetulaque
1113 808 1274 850 tanturn

132 870 321 925 AEquora
343 867 565 910 transiliet:
599 867 666 908 sed
692 867 816 923 longe
841 866 970 922 Calpe
992 866 1146 918 relicta,

130 926 288 968 Audiet
309 925 517 967 Herculeo
540 924 777 966 stridentem
802 923 977 980 Gurgite
999 924 1156 967 Solem.

1337 519 1443 561 figens
1453 531 1576 560 passus,
1586 533 1619 551 eo
1630 524 1754 562 praernio
1767 522 1866 554 cibum

1249 577 1300 623 27
1307 580 1330 618 5
1345 565 1494 603 lucratur,
1510 569 1532 604 ιζ
1549 565 1679 606 hyemem
1690 571 1783 606 atque
1799 576 1864 596 esu-

1345 607 1418 637 riem
1434 608 1558 645 eosune
1574 610 1691 640 devitat
1702 621 1711 638 .·
1736 615 1770 640 tn
1788 611 1863 640 vero

1345 694 1428 723 lenta
1445 695 1577 735 millena,
1595 696 1748 736 villasque
1763 701 1864 727 cente-

1344 745 1410 766 nas.
1455 738 1582 769 Intuere
1599 744 1720 779 portus,
1743 742 1766 778 ᾁ
1782 749 1868 769 mare

1344 781 1470 811 navibus
1495 782 1674 823 ingentibus
1707 782 1868 822 refertum.

1343 822 1455 854 Plures
1479 827 1563 855 moda
1585 829 1655 857 sunt
1678 826 1810 857 homines
1830 827 1864 856 in

1344 868 1434 904 mari,
1460 869 1558 907 quam
1590 872 1623 899 in
1659 875 1752 901 terra.
1799 870 1864 900 Ibit

1247 926 1331 966 280
1344 910 1450 939 elassis
1472 921 1657 951 quocumque
1678 923 1745 952 spes
1767 923 1862 954 quoes-

1345 951 1396 982 tris
1422 953 1621 985 invitaverit:
1646 966 1741 995 neque
1765 957 1862 987 solum

130 995 372 1035 transgredietur
396 992 610 1035 Carpathium,
636 996 658 1031 ὃς
687 993 810 1024 Gaetula
824 994 932 1033 maria,
949 994 1049 1025 verum
1066 993 1190 1025 dimi-ssd
1203 996 1310 1034 procul
1326 994 1437 1036 Calpe,
1458 1002 1640 1038 strepentem
1669 999 1702 1030 in
1718 1000 1864 1031 Herculis

118 1039 211 1075 Jreto
225 1039 305 1068 Solis
319 1048 448 1070 currum
464 1037 662 1068 auscultabit.

129 1194 259 1234 copiose
276 1194 439 1235 optimum
467 1195 614 1234 provenit
629 1194 668 1224 ad
694 1192 854 1234 oppidum
872 1194 973 1235 Cory·

129 1248 217 1269 cum.

172 1281 248 1312 268.
275 1281 370 1321 Coro]
393 1282 520 1313 Ventus
547 1283 600 1312 hic
621 1281 680 1311 flat
696 1281 735 1311 ab
755 1280 881 1311 Occasu
900 1281 969 1311 Sol-

129 1325 259 1364 stitiali3
286 1325 463 1365 Zephyron
483 1326 512 1356 δε
530 1327 689 1365 Argesten
705 1324 811 1354 Graeci
828 1333 941 1354 vocant
959 1337 965 1353 :

128 1367 241 1406 Inquit
257 1368 341 1398 Plin.
358 1370 412 1398 lib.
426 1370 457 1397 2.
473 1378 543 1408 cap.
557 1371 610 1398 47.

170 1410 247 1442 269.
267 1410 358 1442 Sat-ci
373 1411 494 1450 olentis]
519 1412 727 1442 Aromatibus
744 1414 845 1450 atque
869 1410 970 1441 odori-

126 1453 188 1484 bus
203 1455 302 1494 pleni.

126 1497 198 1526 Alii
213 1499 328 1537 legunt
342 1499 395 1530 hie
408 1511 415 1528 :

169 1540 316 1571 Perditus·
331 1545 349 1572 a*
367 1542 480 1573 *iculis
492 1543 575 1572 sacci
590 1546 735 1573 mercator
751 1540 873 1579 olentis,

126 1583 158 1613 id
174 1589 233 1622 est,
248 1586 529 1624 opobalsamorum
541 1593 640 1625 atque
653 1592 835 1616 aromatum
849 1594 970 1616 merca·

125 1633 174 1656 tor
188 1627 395 1659 advectorum
412 1630 545 1668 quidem
561 1628 578 1658 ὲ
595 1630 724 1667 Sicilia3
752 1629 784 1658 in
798 1638 875 1667 qua,
888 1629 970 1659 Stra-

124 1670 211 1700 bone
226 1676 319 1708 teste,
335 1677 448 1711 praeter
464 1672 682 1710 frumentum,
706 1671 784 1707 mel,
811 1671 872 1700 &c.
899 1681 969 1702 cro-

125 1723 204 1744 cum
221 1715 318 1744 etiam
337 1716 578 1754 apportabatur.

167 1758 242 1787 270.
280 1757 427 1797 Antiqua>
453 1758 565 1796 Crete]
610 1757 692 1788 Haec
730 1757 842 1787 Insula
876 1758 972 1788 maris

123 1798 354 1831 Mediterranei
371 1801 461 1832 valde
478 1801 648 1839 celebrata,
663 1802 732 1831 turn
749 1801 789 1830 ob
806 1801 867 1830 alia
885 1802 968 1830 mul-

124 1847 169 1881 ta,
182 1843 257 1873 cum
274 1844 315 1874 ob
326 1845 417 1875 Jovis
434 1844 567 1874 natales.
609 1844 690 1882 Ejus
704 1843 816 1873 incolae
832 1843 968 1882 perfidia:

124 1886 211 1916 fama
227 1887 424 1924 laborarunt,
451 1894 532 1918 teste
557 1889 684 1926 proprio
707 1887 851 1925 ipsorum
874 1886 970 1917 Poeta

121 1928 328 1968 Epimenide.
360 1930 455 1960 Unde
471 1931 620 1969 Apostol.
635 1930 674 1959 ad
691 1930 747 1960 Tit
770 1939 839 1968 cap.
855 1932 883 1959 1.
902 1931 962 1960 ait:

123 1972 282 2003 Cretenses
296 1983 410 2014 semper
425 1974 594 2013 mendaces,
610 1973 698 2003 rnalae
715 1973 828 2009 beetiae,
849 1977 969 2003 ventres

124 2015 225 2055 pigri.

125 2057 251 2089 Lucan.
267 2060 321 2090 lib.
335 2061 366 2091 3.

208 2101 281 2132 Jam
298 2103 410 2134 dilecta
425 2104 497 2135 Jovi
510 2104 647 2135 centenis
661 2104 743 2134 venit
759 2103 790 2133 in
806 2114 894 2134 armti

212 2144 306 2175 Creta
320 2151 405 2176 vetus
414 2148 548 2186 populis.

167 2188 241 2218 271.
266 2188 409 2228 Passum]
433 2189 482 2220 Ita
496 2196 628 2220 vocatur
645 2191 749 2229 liquor
766 2200 808 2220 ex
833 2193 902 2222 uvis
927 2193 967 2223 ad

126 2229 236 2261 Solem
261 2232 405 2262 arefactis
421 2242 600 2272 expressus.
645 2232 746 2262 Varro
761 2234 801 2263 de
816 2234 891 2264 vita
906 2236 964 2266 Po-

124 2274 196 2312 puli
213 2274 349 2305 Romani
367 2276 409 2305 ita
424 2277 529 2306 scribit
542 2287 550 2305 t
576 2276 705 2305 Passum
720 2277 929 2316 nominabant,
940 2280 968 2308 si

122 2315 155 2345 in
171 2317 322 2347 vindemia
338 2329 428 2348 uvam
445 2319 560 2348 diutius
575 2322 692 2348 coctam
714 2317 866 2359 legerent,
886 2331 966 2351 eam-

122 2368 181 2397 que
188 2362 277 2398 passi
290 2366 388 2391 esuent
404 2363 422 2392 a*
437 2362 505 2391 Sole
519 2363 620 2391 aduri.

167 2402 345 2444 Illunicipes
362 2405 449 2435 Joris
464 2404 606 2446 lagenas]
637 2403 762 2434 Vinum
777 2405 795 2435 ὲ
813 2406 918 2445 Creta,
936 2410 966 2439 Sc

125 2454 167 2475 ex
197 2447 326 2485 eodem,
355 2458 423 2487 quo
451 2449 594 2487 Jupiter,
625 2448 698 2476 loco
723 2449 750 2478 δι
776 2452 966 2490 municipio.

124 2488 176 2518 Sic
193 2489 261 2521 Sat.
274 2494 304 2520 4.
321 2501 350 2520 v.
367 2493 419 2522 53.
444 2491 622 2530 Blunicipes
638 2490 774 2529 Crispini
786 2493 895 2522 siluros
909 2504 966 2533 ap-

125 2531 266 2568 pellavit.

168 2576 243 2604 272.
266 2577 330 2607 Hic
360 2575 477 2618 tamen]
514 2578 752 2615 Funambulus,
778 2581 965 2619 petaurista,

127 2618 341 2655 gesticulator.

168 2661 241 2692 273.
273 2661 389 2694 Victum
405 2665 459 2694 illa
473 2664 606 2694 mercede
618 2664 728 2702 parat]
761 2665 894 2695 Victum
910 2666 966 2696 ha-

124 2702 180 2733 bet
194 2701 212 2731 ὲ
229 2707 384 2746 mercede,
397 2718 497 2746 quam
514 2717 571 2747 pro
586 2708 740 2737 industria
759 2708 786 2737 ἀ
802 2708 880 2737 ludo
897 2719 966 2747 per-

125 2747 214 2785 cipit.

168 2791 245 2820 274.
273 2790 317 2822 Tu
335 2797 460 2832 propter
475 2793 560 2823 mille
583 2793 714 2831 talenta,
731 2792 799 2831 ἐξα]
837 2792 900 2823 Iste.
915 2795 966 2824 lu-

125 2833 178 2862 dio
191 2833 322 2873 quidem
338 2836 397 2865 hos
411 2838 532 2867 labores
547 2838 644 2872 subit,
659 2843 696 2866 ut
711 2837 833 2866 victum
847 2837 967 2867 habeat

127 2878 358 2908 necessarium:
385 2879 469 2909 unde
483 2881 574 2919 quasi
590 2880 709 2909 invitus
726 2880 794 2909 haec
815 2881 881 2918 agit
895 2890 903 2916 3
928 2885 965 2910 tu

127 2920 201 2949 vero
219 2922 415 2960 temerarius,
429 2932 535 2962 eoque
559 2923 753 2959 dementior,
772 2923 829 2961 qui
846 2929 892 2951 tot
907 2923 968 2952 dis-

126 2972 262 2992 crimina
289 2963 367 2993 terra
388 2966 535 3004 marique
551 2972 666 3005 sponte
683 2969 781 3002 ineas,
799 2971 835 2994 ut
857 2974 966 3004 super-

126 3004 194 3035 flua
210 3007 417 3046 nanciscaris3
445 3009 473 3037 ἀ·
499 3008 571 3038 cum
597 3019 692 3047 parvo
720 3014 833 3038 natura
853 3008 968 3046 jubeat

1065 1194 1210 1234 Talenta]
1233 1195 1413 1227 Talentum
1432 1196 1580 1228 Atticum
1597 1199 1720 1237 minus,
1741 1199 1783 1230 de
1796 1209 1863 1238 quo

1018 1244 1054 1267 ut
1067 1239 1246 1277 plurimum
1259 1240 1460 1280 intelligendi
1476 1241 1645 1273 Amores,
1660 1244 1785 1272 valebat
1800 1244 1860 1272 mi-

1016 1290 1072 1310 nas
1089 1283 1267 1321 sexaginta,
1286 1283 1317 1312 id
1342 1289 1403 1321 est,
1427 1291 1596 1315 sexcentoe
1613 1295 1777 1316 coronatos
1793 1296 1862 1316 mo-

1015 1329 1097 1354 netae
1122 1325 1265 1363 Gallico,
1287 1327 1346 1356 hos
1369 1327 1501 1365 quidem
1521 1329 1709 1359 aestimando
1732 1330 1861 1368 triginta

1018 1368 1167 1407 quinque
1196 1369 1302 1398 solidis
1320 1370 1577 1400 Turonensibus.
1626 1371 1709 1412 Ergo
1732 1374 1862 1412 singula

1017 1411 1137 1440 talenta
1154 1411 1275 1442 libellas
1291 1412 1496 1443 Turonenses
1512 1415 1603 1444 mille
1621 1416 1648 1445 ar
1663 1416 1802 1455 amplios
1814 1417 1861 1447 fa·

1017 1453 1122 1491 ciunt,
1143 1455 1291 1495 adeoque
1307 1457 1428 1486 talenta
1446 1457 1535 1487 mille
1552 1459 1726 1497 plusquam
1742 1460 1859 1490 millio-

1017 1505 1106 1527 nem.
1153 1497 1234 1528 Vide
1252 1499 1411 1529 Budxuin
1429 1500 1469 1530 de
1488 1502 1572 1531 Asse.

1057 1542 1138 1571 275.
1158 1541 1269 1581 Aspice
1280 1547 1402 1581 portus,
1424 1543 1491 1582 Qun]
1525 1543 1568 1574 Ut
1585 1545 1740 1586 intelligas
1755 1556 1863 1585 quan-

1017 1588 1049 1613 ta
1064 1585 1104 1614 sit
1121 1585 1296 1616 hominum
1321 1587 1464 1625 avaritia,
1488 1587 1560 1616 vide
1586 1595 1696 1627 portus
1722 1591 1750 1619 Sc
1774 1600 1860 1621 mare

1016 1628 1151 1658 navibus
1174 1629 1294 1668 plena;
1319 1631 1348 1659 Se
1376 1630 1455 1660 hinc
1479 1640 1636 1670 cognosce
1660 1633 1767 1671 plures
1791 1643 1859 1664 esse

1015 1669 1168 1701 homines
1182 1673 1214 1701 in
1232 1673 1311 1702 mari
1327 1674 1526 1714 navigantes,
1555 1675 1653 1713 quam
1673 1681 1785 1706 terram
1813 1677 1860 1707 in·

1015 1714 1170 1753 colentes,
1205 1716 1285 1745 adeo
1321 1718 1420 1747 nullis
1459 1717 1660 1748 deterrentur
1697 1721 1858 1759 periculis,

1014 1757 1156 1797 plusque
1167 1765 1277 1789 movet
1289 1760 1371 1790 lucri
1383 1761 1502 1800 cupido
1515 1760 1612 1799 quam
1632 1763 1741 1792 mortis
1757 1763 1857 1802 ipsiiss

1015 1808 1133 1830 metus.

1013 1842 1126 1873 Horat.
1146 1844 1190 1873 lib
1222 1846 1250 1874 1.
1269 1845 1371 1883 Epist.
1395 1849 1423 1876 1.

1055 1886 1193 1927 Impiger
1207 1892 1321 1917 extrem
1332 1899 1354 1917 is
1369 1889 1462 1918 currit
1477 1894 1624 1919 mercator
1639 1892 1682 1921 ad
1696 1891 1802 1931 Indos,

1056 1928 1118 1958 Per
1140 1941 1222 1960 mare
1245 1932 1418 1970 pauperiem
1439 1933 1585 1972 saliens,
1608 1944 1663 1972 per
1692 1945 1781 1974 saxa,
1801 1946 1859 1976 per

1141 1984 1237 2014 Igne-3.

1056 2017 1132 2047 278.
1158 2017 1375 2057 Carpwhium]
1403 2019 1541 2050 Dictum
1558 2019 1596 2049 ab
1613 2020 1720 2050 Insula
1738 2022 1854 2062 Carpa-

1012 2059 1084 2099 tho,
1101 2060 1198 2090 hodie
1213 2061 1396 2101 Scarpanto,
1415 2062 1566 2092 Rhodum
1583 2064 1662 2092 inter
1727 2066 1857 2096 Cretam

1013 2103 1082 2141 sita,
1100 2104 1255 2143 quodque
1272 2112 1319 2135 est
1343 2106 1380 2136 ab
1399 2107 1458 2135 hac
1473 2106 1512 2135 ad
1529 2107 1616 2136 illam
1635 2116 1721 2136 mare
1738 2109 1856 2148 Carpa-

1012 2146 1118 2176 thium
1141 2154 1277 2178 vocatur.

1057 2189 1196 2226 Gaetula!
1226 2191 1354 2231 Libyca.
1378 2191 1450 2221 Jam
1468 2192 1611 2222 diximus
1627 2193 1702 2222 alibi
1722 2194 1855 2225 Gaetuli-

1010 2244 1062 2264 arn
1078 2233 1220 2264 interiori
1237 2234 1336 2273 Libya
1351 2237 1521 2265 contineri.

1053 2277 1127 2308 279.
1150 2275 1212 2306 Sed
1226 2278 1313 2306 tome*
1332 2278 1427 2316 Carpe
1440 2279 1558 2316 relictd,
1575 2279 1643 2317 ῥα]
1668 2278 1757 2309 Ultra
1779 2281 1855 2312 Cal-

1011 2330 1075 2359 pen
1099 2321 1318 2359 progredietur
1345 2322 1413 2359 ipso
1440 2322 1584 2351 Hercule
1613 2323 1774 2362 audacior,
1798 2326 1855 2364 qui

1010 2364 1065 2393 hic
1082 2364 1241 2400 inscripsit
1255 2375 1261 2392 :
1291 2363 1354 2391 Non
1367 2365 1439 2402 ptus
1453 2365 1548 2394 ultrei.

1056 2406 1164 2446 Calpe]
1189 2406 1284 2436 Mons
1309 2415 1355 2436 est
1379 2409 1404 2436 ὃς
1425 2409 1497 2436 urbs
1526 2408 1687 2446 Hispaniae
1712 2409 1854 2449 Baeticae,

1010 2460 1098 2480 nunc
1125 2449 1286 2479 Gibrallar
1312 2456 1450 2485 vocatur,
1479 2457 1514 2479 ut
1544 2452 1571 2480 Sc
1596 2451 1714 2481 fretum
1744 2455 1854 2491 proxi-

1009 2503 1127 2531 mum3
1154 2503 1219 2523 una
1235 2503 1277 2522 ex
1298 2493 1443 2523 Herculis
1457 2494 1630 2532 columnis,
1653 2496 1707 2524 cui
1723 2505 1851 2535 respon-

1008 2536 1063 2565 det
1087 2537 1184 2566 altera
1209 2546 1250 2565 ex
1275 2537 1405 2565 adverso
1429 2535 1543 2574 Abyla,
1569 2547 1661 2567 mons
1687 2540 1805 2577 pariter
1820 2541 1851 2571 δε

1008 2580 1166 2619 oppidum
1187 2579 1401 2608 Mauritaniae.

1053 2623 1126 2652 280.
1152 2622 1302 2651 Herculeo
1316 2621 1462 2661 Gurgite]
1485 2621 1643 2663 Intelligit
1655 2623 1773 2655 fretum
1789 2626 1854 2656 Ga·

1010 2665 1170 2703 ditanum,
1195 2665 1280 2703 quod
1299 2666 1325 2694 Sc
1345 2664 1548 2695 Herculeum
1564 2667 1603 2696 ab
1630 2667 1780 2698 Herculis
1797 2679 1853 2698 na·

1011 2709 1174 2747 vigatione
1191 2709 1233 2737 ibi
1249 2707 1340 2736 finita
1357 2709 1596 2747 exstructisque
1611 2711 1784 2748 columnis,
1811 2712 1852 2741 de

1009 2752 1128 2790 quibus
1144 2760 1240 2780 mox:
1265 2751 1379 2780 dicitur
1396 2751 1424 2780 Sc
1443 2752 1573 2780 (istium
1598 2753 1735 2788 Oceani,
1760 2756 1786 2783 Se
1814 2754 1853 2782 li·

1010 2804 1087 2823 men
1112 2794 1236 2824 Interni
1262 2794 1378 2831 maris3
1413 2794 1512 2833 vulgo
1539 2795 1727 2831 Gibraltar5
1750 2797 1853 2827 latum

1009 2843 1056 2866 est
1073 2837 1222 2875 quinque
1238 2837 1346 2866 leucas
1364 2836 1553 2875 Hispanicas
1565 2845 1621 2868 aut
1637 2840 1771 2868 circiter.

1052 2879 1238 2909 Stridentem
1250 2879 1363 2918 Solem]
1385 2879 1515 2919 Nempe
1531 2880 1609 2911 dum
1629 2882 1754 2918 occidit,
1772 2883 1855 2920 ejus-

1011 2932 1077 2961 que
1102 2922 1227 2952 fervens
1252 2932 1363 2952 currus
1390 2924 1483 2962 aquis
1513 2933 1635 2954 mersus
1663 2923 1785 2962 stridet,
1818 2932 1856 2956 ut

1011 2965 1153 2994 candens
1178 2965 1298 2995 ferrum
1315 2966 1404 2996 solet.
1450 2966 1504 2996 Ex
1526 2967 1683 3006 opinione
1699 2966 1859 2999 Posidonii

1014 3008 1187 3047 Sophistae,
1206 3010 1234 3038 ἅ-
1252 3010 1400 3039 aliorum.
1834 3008 1839 3012 ”

127 3054 318 3079 contentum
333 3059 400 3079 esse
417 3056 461 3088 te,
480 3053 505 3080 δε
524 3052 598 3081 satis
613 3053 653 3081 sit
669 3061 736 3082 una
750 3051 840 3090 villa,
855 3053 970 3090 quaeris
1017 3051 1108 3081 Hinc
1124 3052 1243 3082 Statius
1261 3053 1383 3092 Sylvar.
1400 3051 1455 3081 lib.
1472 3052 1501 3081 2.
1520 3050 1552 3081 in
1569 3052 1780 3084 Genethliaco
1795 3054 1862 3085 Lu-

129 3100 205 3130 opes
220 3093 395 3123 immensas
411 3095 439 3125 ὃ(
454 3094 544 3124 villas
561 3102 723 3126 centenas

1018 3095 1105 3125 caui:
