1934 3227
683 347 1263 399 TESTIMONIA

132 457 134 459 ⁵
200 463 844 548 VETERUM
897 459 1747 544 SCRIPTORUM

641 625 763 687 DE
809 621 1311 686 JUVENALE.

441 893 505 931 M.
525 891 618 931 Fab.
638 889 801 937 Quintil.
815 890 878 929 lib.
899 896 932 929 1.
988 889 1159 929 Institut.
1182 891 1334 930 Orator.
1353 903 1436 944 cap.
1459 899 1494 933 l.

200 949 406 1022 SUNT
431 970 546 1018 clari
570 967 715 1016 hodie
741 983 952 1031 quoque,
985 969 1027 1015 &
1054 967 1140 1031 qui
1166 967 1282 1016 olim
1308 968 1712 1020 nominabuntur.

619 1056 820 1094 Martialis
839 1055 927 1093 Lib.
949 1060 986 1099 7.
1007 1054 1248 1107 Epigramm.
1269 1061 1333 1095 23.

329 1122 458 1171 Cum
484 1121 514 1170 J
521 1121 726 1170 uvenale
749 1136 871 1179 meo,
902 1138 1009 1184 quae
1034 1136 1110 1168 me
1136 1121 1442 1170 committere
1468 1128 1642 1181 tentaS,

394 1187 534 1246 Quid
559 1205 662 1235 non
687 1187 887 1235 audebis
913 1187 1094 1251 perfida
1119 1186 1291 1252 lingua
1315 1188 1485 1252 loqui?

326 1256 396 1303 Te
421 1257 639 1318 fingente
663 1252 796 1301 nefas
822 1252 1057 1316 Pyladem
1084 1253 1267 1301 odisset
1294 1254 1510 1304 Orestes:

388 1321 575 1369 Thesea
602 1319 811 1368 Pirithoi
836 1319 1140 1368 destituisset
1163 1337 1312 1380 amor,
1345 1323 1436 1368 διε.

691 1408 747 1446 Et
769 1408 833 1446 lib.
852 1414 914 1447 12.
935 1408 1174 1460 Epigramm.
1195 1414 1256 1448 18.

388 1475 524 1522 Dum
551 1483 606 1522 tu
632 1472 838 1521 forsitan
862 1473 1113 1536 inquietus
1139 1489 1265 1522 erras

396 1541 637 1597 Clamosa,
668 1539 938 1598 Juvenalis,
968 1539 1018 1587 in
1043 1539 1272 1588 Suburra.

389 1608 496 1656 Aut
520 1607 695 1655 collem
721 1606 934 1653 dominae
959 1606 1073 1654 teris
1102 1606 1303 1655 Dianae:

394 1674 530 1721 Dum
556 1689 638 1738 per
662 1673 831 1720 limina
855 1681 902 1720 te
927 1672 1264 1736 potentiorum

394 1739 628 1787 Sudatrix
653 1748 772 1802 toga
795 1738 1018 1798 ventilat,
1052 1754 1337 1803 vagumque

396 1805 561 1869 Major
586 1804 780 1862 Caelius,
815 1808 856 1851 &
885 1805 1043 1853 minor
1067 1805 1283 1869 fatigant
1300 1826 1313 1850 ι

396 1871 484 1918 Me
508 1872 691 1918 multos
717 1870 922 1933 repetita
945 1879 1056 1935 post
1082 1871 1378 1920 Decembres

394 1936 610 2001 Accepit
634 1952 752 1994 mea,
786 1936 1125 2000 rusticumque
1148 1935 1269 1985 fecit

396 2004 533 2050 Auro
561 2003 746 2050 Bilbilis
774 2005 815 2051 &
843 2002 1049 2067 superba
1072 2001 1216 2051 ferro.

586 2091 774 2128 Ammian.
793 2089 1011 2128 Marcellin.
1027 2088 1177 2128 Histor.
1197 2088 1286 2127 Lib.
1303 2094 1369 2129 28.

266 2153 485 2212 Quidam
510 2155 807 2204 detestantes
844 2165 901 2204 ut
935 2172 1126 2204 venena
1156 2155 1419 2214 doctrinaS,
1461 2155 1494 2204 J
1500 2157 1753 2206 uvenalem

201 2224 244 2270 ἃ
272 2220 487 2269 Marium
512 2221 793 2270 Maximum
813 2222 1054 2270 curatiore
1081 2221 1247 2270 studio
1275 2223 1462 2287 legunt,
1505 2223 1642 2271 nulla
1665 2240 1751 2271 vo-

199 2288 387 2336 lumina
413 2297 584 2352 praeter
606 2288 710 2336 haec
737 2289 786 2336 in
807 2287 1053 2353 profundo
1079 2289 1190 2336 ocio
1219 2296 1598 2337 contrectantes.

321 2374 362 2413 C.
381 2374 490 2413 Sollii
502 2374 738 2426 Apollinaris
757 2374 916 2420 Sidonii,
936 2374 1109 2413 Carmine
1127 2381 1166 2420 9.
1185 2374 1286 2427 quod
1296 2380 1350 2414 est
1367 2375 1422 2415 ad
1436 2376 1627 2428 Magnum

432 2456 434 2458 v
790 2428 944 2467 Felicem
960 2428 1164 2467 Consulem.

397 2493 521 2540 Non
546 2493 632 2557 qui
656 2502 874 2558 tempore
902 2493 1104 2542 Caesaris
1130 2493 1334 2541 secundi

394 2559 599 2607 AEterno
625 2559 836 2608 incoluit
859 2559 1043 2608 Tomos
1069 2568 1205 2608 reatu
1225 2579 1238 2618 3

396 2624 508 2672 Nec
534 2625 619 2688 qui
645 2626 888 2674 consimili
914 2626 1090 2674 deinde
1116 2643 1230 2674 casu

392 2690 474 2737 Ad
499 2691 640 2754 vulgi
664 2700 862 2740 tenuem
887 2693 1142 2758 strepentis
1175 2707 1340 2739 auram

393 2756 515 2806 Irati
538 2756 639 2805 fuit
661 2756 911 2806 histrionis
936 2760 1067 2806 exul.

357 2843 433 2882 His
447 2843 598 2884 accedat
616 2845 699 2884 Jul.
718 2845 860 2899 Scalig.
877 2848 941 2899 qui
958 2847 1002 2887 de
1018 2845 1194 2886 Juvenale
1212 2847 1265 2884 sic
1282 2849 1401 2884 censet
1418 2846 1458 2883 in
1476 2846 1621 2885 Poetic.

266 2908 524 2958 Juvenalis
566 2911 805 2960 candidus
848 2928 904 2959 ac
942 2911 1278 2976 Satyricorum
1314 2910 1458 2959 facile
1502 2912 1749 2976 Princeps⁴²

203 2974 334 3022 Nam
357 2976 459 3040 ejus
485 2993 651 3025 versus
675 2978 827 3041 longe
862 2978 1097 3038 meliores,
1141 2977 1291 3042 quam
1320 2977 1609 3026 Horatiani:
1648 2994 1754 3026 sen·

200 3041 365 3089 tentiae
391 3042 611 3103 acriores,
644 3042 830 3109 phrasis
856 3044 1080 3108 apertior.
