1948 3281
91 100 168 139 1³2⁹

74 188 219 227 scriplum
244 189 337 219 etiam
361 187 381 218 ἁ
406 185 513 216 Lenaeo
545 185 602 216 Cn.
631 186 770 226 Pompeii
799 186 917 224 liberto,

74 231 290 262 Mithridatem
315 231 399 261 illum
426 230 518 259 Ponti
543 240 643 270 regem
673 230 794 259 medica:
822 229 866 257 rei
895 231 918 266 43·

73 276 268 304 remediorum
284 276 317 304 id
339 284 438 315 genus
451 273 587 303 solertem
599 273 716 310 fuisse,
733 271 914 308 solitumque

73 326 175 347 earum
192 319 369 358 sanguinem
386 317 508 347 miscere
524 315 759 352 nie-.ica7nentis,
781 324 846 352 quoe
871 313 914 341 di-

69 361 214 400 gerendis
249 361 371 392 venenis
405 359 544 399 caleant,
585 360 644 388 ἃς.
700 358 794 388 Porro
824 356 914 385 idem

145 109 168 138 ·..
590 89 929 137 JUVENALIS
965 90 1184 136 SATIRA
1213 90 1321 134 VII.

961 185 1164 215 Mithridates
1180 185 1225 214 ita
1235 182 1396 214 sumendo
1410 191 1537 214 veneno
1552 187 1744 223 assueverat,
1758 188 1796 216 ut

958 229 1027 264 jam
1058 228 1140 258 mori
1168 227 1278 256 volens
1301 226 1381 256 illud
1407 227 1544 265 impune
1574 228 1603 256 ἀ
1630 227 1791 258 incassum

959 270 1111 300 hauriret.
1129 270 1208 299 lbid.
1221 269 1308 299 Hinc
1315 269 1450 299 Martial.
1463 270 1516 299 lib.
1525 271 1555 299 5.
1564 269 1728 309 Epigram.
1739 272 1792 301 77.

1002 312 1141 351 Profecit
1152 315 1226 351 poto
1242 310 1446 341 BIitlzridates
1459 312 1537 350 saepe
1552 322 1674 350 veneno,

1092 356 1204 386 Toxica
1216 364 1254 384 ne
1261 358 1385 394 possent
1397 364 1477 386 soeva
1492 365 1597 386 nocere
1611 355 1679 386 sibi.

669 580 1001 645 SATIRA
1047 582 1199 643 VII.

136 744 512 778 INTERPRETATIO.

593 728 669 770 ET
692 743 799 784 spes,
825 729 864 771 Sc
885 729 984 771 ratio
1007 728 1236 770 studiorum
1258 712 1300 769 in
1324 726 1487 770 Caesare
1509 727 1694 770 tantum.

113 802 158 831 Et
174 803 343 841 erpectatio
359 803 381 840 ξς
396 802 499 831 moetus
518 804 581 831 stu-
595 786 718 828 Solus
741 787 851 829 enim
877 787 1008 828 tristes
1031 787 1107 827 hac
1131 795 1371 842 tempestate
1392 785 1616 828 Camoenas

69 845 183 893 ‘²20⁷‘25m
213 847 373 894 dvmf‘ssfflt
403 845 435 873 5⁷²
465 844 582 893 caesare
596 843 805 899 Respexit,
829 846 928 885 cum
943 844 1031 901 jam
1053 843 1228 885 celebres
1250 844 1421 899 notique
1446 845 1586 884 Poetae

69 894 258 918 mmmm*
292 887 375 917 [ΠΜ
391 893 839 943 etenzmcon-Balneolum
864 902 1025 952 Gabiis,
1049 903 1198 944 Romae
1221 901 1450 943 conducere
1470 901 1615 942 furnos

59 931 140 968 jecit
158 933 257 960 oculos
273 932 302 960 in
320 931 431 961 Musas
443 930 496 960 hoc
509 935 580 962 tenz-

61 983 138 1010 pore
167 974 310 1012 afflictas,
342 975 462 1013 quando
497 960 814 1004 vatesTentarent
829 976 841 1011 3
887 975 963 1001 nec
985 960 1147 1000 foedum
1169 959 1234 1000 alii
1258 974 1333 1000 nec
1355 970 1470 1013 turpe
1492 966 1680 1014 putarent
1758 959 1788 1000 5

65 1015 201 1057 insignes
230 1017 386 1055 &famosi
404 1017 475 1055 jam
503 1018 580 1047 nile·
595 1017 812 1058 Praecones
836 1017 918 1058 fieri
932 1033 945 1069 3
985 1017 1085 1058 cum
1108 1016 1271 1058 desertis
1295 1017 1529 1072 Aganippes

64 1064 171 1088 rentur
195 1060 296 1098 pretio
321 1070 495 1099 comparare
518 1060 580 1090 bal-

64 1111 151 1132 neam
169 1104 254 1142 apud
273 1103 398 1140 Gabios,
424 1102 454 1131 δι’,
478 1102 581 1133 Romae

594 1074 796 1126 Vallibus,
818 1075 999 1116 esuriens
1020 1074 1212 1130 migraret
1233 1074 1274 1115 in
1294 1074 1392 1115 atria
1413 1073 1523 1115 Clio.

54 1144 192 1181 ²furnos:
218 1156 312 1185 neque
332 1146 506 1186 pudendum
527 1156 581 1176 nec
593 1132 706 1172 Nam
731 1132 762 1172 Sl
789 1132 918 1174 Pieria
939 1133 1141 1188 qlladl'al'lS
1166 1131 1238 1172 llbl
1261 1131 1400 1172 nUllUS
1421 1130 1463 1172 ln
1487 1130 1632 1172 Umbra

63 1188 230 1218 indecorum
247 1190 348 1218 caeteri
363 1189 590 1219 arbitrarentur
604 1199 666 1219 esse
675 1190 924 1229 proclamatores,
940 1192 1061 1229 quando
1079 1190 1191 1219 relictis
1208 1190 1386 1230 Aganippes
1407 1189 1535 1219 vallibus
1549 1189 1617 1220 Clio
1629 1189 1786 1228 famelica

61 1232 213 1261 recederet
228 1233 259 1262 in
277 1232 434 1262 vestibula.

479 1232 513 1261 Si
527 1232 605 1261 enim
622 1233 651 1262 in
668 1235 773 1264 umbra
787 1234 893 1264 Pieria
908 1235 1063 1273 quadrans
1078 1233 1134 1263 tibi
1149 1232 1250 1263 nullas

729 1320 1103 1353 ANNOTATIONES.

106 1387 133 1415 1.
160 1383 205 1414 Et
220 1392 298 1423 spes,
324 1386 346 1422 {r
370 1384 462 1424 razio]
486 1385 539 1416 Ad
562 1386 746 1416 Telesinam
772 1386 902 1418 Po'e'tam

60 1427 105 1458 ait
120 1434 202 1458 artes
221 1429 249 1457 ὃς
273 1428 379 1458 studia
399 1429 510 1459 Romae
537 1429 554 1458 a
577 1430 696 1459 caeteris
723 1432 903 1469 contemni,

55 1471 175 1509 jacere,
199 1471 318 1501 steriles
341 1481 431 1501 esse:
453 1472 492 1502 ab
518 1482 586 1502 uno
609 1473 683 1502 vero
709 1472 830 1503 Caesare
856 1474 902 1504 fo-

61 1523 134 1543 ΥΕΓΙ.

107 1557 241 1598 Caesare]
270 1557 353 1591 Quis
384 1558 451 1596 ille,
484 1568 594 1598 pugna
624 1569 690 1589 non
721 1559 897 1590 mediocris.

58 1598 226 1631 Neronem
249 1601 402 1640 intelligit
425 1607 517 1631 verus
543 1601 650 1632 Schol.
671 1603 802 1632 absurde
826 1604 899 1642 qui-

57 1642 144 1673 dem.
190 1643 345 1680 Nervam,
359 1644 474 1681 Trajan
482 1654 549 1682 um,
573 1645 757 1675 Adrianurn
773 1647 826 1675 alii
841 1656 898 1676 vo·

57 1685 152 1716 lunt:
188 1687 272 1716 certe
299 1686 367 1716 aliis
388 1697 449 1726 ego
473 1687 649 1727 adstipulor
670 1690 728 1727 qui
755 1689 898 1719 Domiti-

57 1738 169 1760 anum.
214 1729 283 1759 Nec
299 1736 385 1759 vetat
401 1730 489 1769 quod
507 1732 571 1760 Sat.
589 1732 620 1760 4.
646 1732 723 1761 salse
740 1732 895 1770 proscide-

58 1772 105 1801 rit.
151 1773 230 1803 Duo
245 1783 298 1802 me
316 1780 470 1811 moven13
496 1773 612 1803 Paridis
625 1774 787 1804 histrionis
804 1785 895 1805 men-

56 1815 101 1845 tio
132 1816 165 1846 in
191 1817 250 1846 hac
279 1817 401 1855 Satira3
437 1818 465 1846 ἂ
498 1817 584 1855 quod
610 1818 745 1847 Sueton.
771 1818 897 1849 Domit.

55 1868 125 1898 cap.
145 1860 175 1890 9.
195 1864 329 1889 testatur
351 1869 427 1889 eum
451 1860 544 1889 initio
561 1861 759 1900 principatus
783 1861 896 1891 libera-

56 1901 137 1940 lem,
154 1907 253 1941 atque
270 1912 382 1932 omnes
398 1903 479 1932 cirea
495 1912 528 1932 se
551 1903 723 1943 largissime
748 1913 896 1943 prosecu-

54 1949 140 1982 tum,
159 1947 216 1975 (Sec.
262 1946 358 1975 Adde
384 1945 525 1979 Quintil.
555 1948 589 1976 in
614 1947 693 1976 Prol.
718 1947 771 1976 lib.
790 1949 821 1976 4.
841 1949 897 1978 ubi

54 1987 283 2020 Domitianum
316 1989 445 2019 invocat
471 1989 562 2020 velut
591 1989 735 2020 maxime
760 2000 896 2029 praesens

53 2040 89 2060 ac
107 2032 281 2070 propitium
300 2032 411 2062 studiis
426 2042 564 2062 numen.
611 2031 734 2066 Quidni
749 2042 822 2072 ergo
832 2034 895 2064 Ju-

53 2075 173 2104 venalis
203 2075 319 2113 pariter
344 2080 402 2104 aut
426 2075 575 2105 adulatus
599 2076 650 2113 sit,
677 2081 733 2105 aut
759 2077 837 2114 quid
853 2078 892 2107 ab

53 2115 252 2157 Imperatore
276 2116 399 2147 factum
430 2124 602 2157 oporteret,
639 2118 810 2148 docuerit?
846 2120 893 2150 At

54 2160 121 2190 Sat.
147 2162 179 2191 4.
200 2166 367 2190 mortuum
398 2160 492 2191 illurn
519 2161 652 2199 indicat,
674 2162 702 2191 ἃ
726 2162 792 2191 Sat.
814 2163 841 2190 1.
858 2163 891 2193 in

52 2203 116 2233 fine
150 2210 294 2233 mortuos
325 2213 358 2232 se
388 2204 514 2234 tantum
553 2204 681 2244 aggredi
713 2204 889 2243 profitetur.

52 2246 183 2276 Scilicet
199 2247 311 2276 vivum
327 2247 493 2277 neminem
509 2257 659 2286 expresso
676 2247 811 2277 nomine
835 2258 891 2277 ex·

51 2290 163 2328 agitat,
190 2295 316 2320 mutato
346 2289 433 2328 vero,
461 2290 523 2320 hoc
549 2290 676 2320 liberius
704 2290 890 2322 insectatur.

52 2332 148 2362 Hanc
174 2333 269 2372 porro
284 2332 416 2363 Satiram
437 2333 548 2372 primis
563 2333 743 2364 Domitiani
766 2340 891 2373 tempo-

52 2375 136 2404 ribus
153 2376 303 2415 scriptam
318 2385 394 2406 cum
412 2376 573 2415 aliquibus
590 2376 788 2406 crediderim.
829 2378 891 2408 Sed

52 2419 207 2456 quoniam
235 2420 275 2449 ad
299 2420 477 2456 Trajanum
500 2425 559 2449 aut
582 2420 767 2452 Adrianum
794 2421 891 2452 etiam

53 2463 233 2498 pervenisse
247 2462 318 2492 dixi
340 2462 550 2500 Juvenalem,
566 2464 594 2493 δε
613 2463 652 2493 ab
669 2472 707 2492 eo
724 2462 778 2492 hic
794 2463 890 2493 alter-

52 2509 163 2532 utrum
181 2506 295 2535 merito
311 2504 434 2534 laudari
451 2506 646 2545 quibusdam
659 2505 799 2542 videtur,
823 2516 891 2538 rem

51 2545 87 2575 in
105 2546 210 2575 medio
229 2549 453 2587 relinquimus,
479 2558 539 2579 nec
555 2548 700 2580 adversus
723 2549 795 2579 illos
810 2559 891 2591 pug-

51 2598 128 2619 nare
143 2589 229 2619 libet.

94 2633 126 2662 8.
148 2630 312 2674 Respeoeit]
339 2634 529 2666 Consolatus
544 2642 602 2675 est,
624 2635 759 2675 adjuvit,
775 2636 890 2667 erexit.

53 2674 169 2714 virgil.
187 2674 296 2714 Eclog.
316 2679 343 2705 1.

94 2717 251 2755 Libertas,
267 2728 332 2756 qaoe
343 2728 411 2748 sera
427 2724 529 2751 tamen
545 2721 677 2763 respexit
690 2722 830 2752 inertem.

94 2763 124 2790 4.
148 2759 327 2790 Balneolum
345 2761 465 2801 Gabiis,
478 2765 546 2803 gez]
570 2765 624 2795 Ad
648 2766 723 2795 vilia
747 2774 888 2804 quaeque

52 2804 231 2834 ministeria
245 2811 433 2842 paupertate
449 2806 667 2846 adigerentur:
691 2814 791 2848 atque
807 2809 888 2838 adeo

51 2847 245 2877 balneariam
261 2854 318 2876 aut
331 2846 505 2878 furnariam
519 2858 716 2889 exercerent,
731 2856 789 2881 aut
803 2852 887 2882 certe

51 2889 287 2919 balneatoribus
308 2899 345 2919 ac
360 2888 508 2920 furnariis
525 2902 656 2930 operam
678 2894 820 2924 locarent
835 2904 887 2924 su-

51 2942 120 2961 am:
147 2933 230 2962 sicut
245 2933 347 2963 victus
363 2932 503 2962 habendi
517 2935 611 2963 causa
633 2936 806 2967 Cleanthes
821 2938 889 2976 pri-

51 2975 125 3004 dem
140 2980 238 3005 noctu
255 2985 375 3014 aquam
390 2975 558 3005 hauriebat
580 2977 765 3017 hortulano,
780 2981 889 3017 pistori

52 3019 125 3047 vero
142 3027 197 3047 seu
219 3019 349 3050 mulieri
371 3018 499 3050 cuidam
521 3019 636 3050 farinas
659 3020 824 3062 pinsebat5
851 3028 890 3054 ut

946 1387 1087 1417 interdiu
1104 1385 1317 1425 Philosophiae
1334 1392 1470 1417 vacaret.
1514 1386 1656 1426 Diogen.
1674 1385 1780 1418 La‘e‘rt.

946 1431 999 1461 lib.
1021 1433 1051 1460 7.

990 1472 1112 1512 Gabiis]
1135 1473 1171 1502 In
1191 1474 1252 1502 hoc
1267 1472 1460 1503 Volscorum
1475 1472 1608 1512 oppido,
1631 1471 1670 1501 ad
1694 1473 1780 1503 viam

945 1516 1173 1547 Praenestinam
1191 1516 1262 1546 sito.
1307 1515 1388 1546 Vide
1400 1517 1464 1547 Sat.
1479 1517 1512 1545 3.
1530 1525 1560 1545 v.
1578 1515 1652 1546 192.
1669 1516 1696 1545 δι’
1713 1516 1781 1547 Sat.

947 1560 975 1590 6.
996 1570 1026 1590 v,
1045 1559 1098 1590 56.

987 1604 1017 1634 6.
1040 1603 1178 1633 Desertis
1204 1601 1380 1643 Aganippes
1407 1600 1550 1639 vallibus]
1576 1601 1714 1640 Abjecto
1741 1601 1781 1633 li-

943 1652 1084 1676 terarum
1099 1646 1219 1684 studio,
1238 1646 1264 1675 6<
1283 1646 1387 1676 Musis
1403 1646 1506 1676 valere
1519 1644 1626 1682 jussis.

982 1689 1178 1729 Aganippes]
1223 1689 1369 1727 Apollini
1396 1689 1566 1727 Musisque
1585 1697 1670 1718 sacer
1689 1689 1782 1720 locus

940 1733 974 1762 in
986 1733 1125 1767 Boeotia,
1142 1732 1194 1761 vel
1210 1731 1281 1761 fons
1298 1731 1451 1762 Permessi
1474 1731 1628 1761 fluminis.
1673 1731 1780 1763 Vetus

943 1775 1053 1805 Schol.
1097 1775 1173 1805 Erat
1187 1776 1213 1804 ἃ·
1227 1784 1319 1805 mons
1330 1776 1449 1805 ibidem
1462 1774 1607 1812 ejusdem
1619 1775 1778 1805 nominis:

942 1828 1009 1857 quo
1036 1818 1163 1848 videtur
1189 1817 1356 1848 Juvenalis
1387 1818 1576 1858 respexisse,
1605 1817 1694 1857 quod
1723 1819 1780 1858 ait,

941 1861 1080 1891 vallibus.

985 1907 1012 1935 7.
1038 1904 1076 1935 In
1092 1903 1190 1942 atria]
1214 1904 1327 1935 Fiebat
1348 1910 1453 1935 custos
1474 1904 1617 1934 atriensis
1635 1905 1663 1934 ἂ
1678 1905 1778 1935 ostia-

942 1948 1005 1977 rius
1022 1949 1079 1987 qui
1096 1946 1190 1977 Po'eta
1207 1954 1273 1977 erat
1288 1948 1400 1977 antea:
1424 1948 1474 1977 vel
1498 1947 1543 1976 ibi
1566 1947 1696 1986 stipem,
1712 1948 1776 1978 vic-

941 1997 1026 2029 tum,
1049 1991 1206 2029 sportulas
1229 1990 1460 2020 emendicabat.
1506 1988 1602 2019 Forte
1623 1991 1651 2019 ὃ(
1676 1990 1778 2031 desig-

939 2041 1057 2063 nantur
1069 2034 1148 2063 atria
1157 2032 1273 2062 Licinii
1285 2034 1320 2063 in
1332 2033 1400 2063 foro
1413 2034 1485 2070 sita,
1501 2032 1556 2062 ubi
1567 2032 1687 2063 fiebant
1699 2043 1777 2064 auc-

938 2077 1054 2114 tiones,
1082 2077 1110 2106 ἅ
1129 2077 1196 2115 quo
1212 2075 1348 2115 proinde
1370 2075 1410 2105 ad
1435 2086 1486 2105 eas
1513 2085 1675 2114 praeeones
1698 2086 1775 2108 con-

937 2119 1121 2149 veniebant.
1167 2119 1225 2149 Cic
1250 2128 1307 2158 pro
1325 2119 1474 2157 Quintio,
1494 2128 1528 2148 n.
1547 2119 1598 2149 12.
1646 2118 1779 2150 Tollitur

935 2161 973 2190 ab
989 2162 1076 2192 atriis
1099 2161 1229 2191 Liciniis
1243 2165 1335 2200 atque
1350 2164 1370 2191 ἀ
1388 2169 1563 2200 proeconum
1583 2161 1723 2198 confessu
1743 2163 1778 2193 in

938 2204 1073 2235 Galliam
1086 2204 1221 2236 Nan-ius.
1271 2204 1313 2235 Et
1328 2215 1361 2235 n.
1379 2207 1431 2235 25.
1475 2203 1524 2233 Ab
1543 2204 1632 2234 atriis
1646 2204 1779 2236 Liciniis

933 2257 1002 2278 suos
1011 2248 1193 2278 necessarios
1204 2252 1354 2289 corrogat.
1368 2248 1458 2278 Idem
1473 2249 1487 2277 1
1496 2270 1502 2276 .
1515 2253 1626 2277 contra
1638 2246 1775 2281 Rullum

935 2301 969 2321 n.
990 2293 1019 2321 7.
1068 2289 1110 2321 Ut
1125 2292 1158 2320 in
1173 2291 1264 2321 atriis
1288 2291 1484 2322 auctionariis
1500 2290 1606 2329 potiris
1626 2291 1716 2329 quam
1741 2292 1775 2323 in

936 2334 1036 2364 trit-iis
1051 2336 1074 2373 ξς
1089 2335 1229 2373 compitis
1242 2335 1462 2364 auctionentur.

982 2377 1062 2416 Clio]
1086 2378 1114 2407 E
1132 2377 1237 2407 Musis
1253 2387 1319 2408 una
1332 2377 1391 2408 ἀπὸ
1402 2377 1442 2406 τᾶ
1455 2375 1544 2410 nia:
1558 2376 1652 2415 dicta,
1668 2376 1697 2406 id
1713 2382 1773 2416 est,

936 2419 953 2448 ὲ
969 2421 1082 2460 gloria,
1099 2421 1198 2459 quam
1214 2421 1288 2450 viris
1310 2420 1445 2451 fortibus
1470 2424 1617 2458 procurat
1644 2428 1700 2458 per
1723 2420 1772 2450 hi-

935 2464 1057 2503 storias,
1075 2464 1193 2503 quibus
1209 2464 1263 2493 illa
1277 2463 1448 2493 scribendis
1466 2467 1588 2501 praeest.
1632 2462 1697 2492 Hic
1713 2472 1770 2503 po-

936 2507 1025 2537 nitur
1039 2516 1098 2546 pro
1114 2506 1261 2545 quolibet
1274 2507 1415 2536 studioso
1432 2508 1460 2536 <Sc
1477 2506 1624 2535 litterato.

980 2550 1012 2579 8.
1033 2549 1117 2580 Nam
1140 2549 1168 2579 si
1190 2548 1297 2578 Pieria
1316 2550 1484 2588 quadrans,
1507 2547 1572 2585 ᾀε]
1595 2548 1631 2577 Si
1652 2557 1709 2587 per
1730 2549 1771 2579 li-

937 2597 1018 2623 teras
1058 2594 1085 2622 &
1119 2592 1336 2622 eruditionem
1374 2592 1456 2622 nihil
1491 2591 1572 2620 lucri
1607 2590 1772 2631 obveniat,

934 2635 1067 2666 aliunde
1081 2635 1205 2665 victum
1226 2635 1362 2675 quaerito
1379 2637 1406 2666 <Sc
1423 2634 1441 2665 ὲ
1461 2633 1605 2673 qualibet
1620 2639 1686 2663 arte
1708 2635 1771 2665 hu-

935 2679 1016 2709 mili.

976 2720 1100 2763 Pieria]
1125 2721 1226 2751 Locus
1237 2724 1303 2752 erat
1319 2721 1362 2750 ad
1373 2720 1490 2750 radices
1515 2718 1641 2758 Olympi
1660 2721 1771 2751 montis

931 2764 964 2793 in
978 2764 1146 2801 Thessalia,
1170 2765 1219 2794 cui
1234 2774 1339 2794 nomen
1360 2763 1443 2793 dedit
1471 2760 1562 2791 Vates
1574 2762 1696 2802 Pierus,
1719 2763 1773 2802 qui

926 2808 1045 2846 primus
1067 2807 1257 2845 sacrificasse
1279 2807 1391 2836 dicitur
1413 2806 1528 2842 Musis,
1551 2815 1616 2844 quae
1630 2805 1771 2836 Pierides

931 2851 1002 2880 inde
1015 2855 1129 2881 vocatae
1141 2854 1223 2881 sunt.
1259 2850 1337 2880 Vet.
1355 2849 1459 2879 Schol.
1471 2848 1544 2878 vide
1558 2857 1630 2887 quae
1646 2849 1686 2879 ad
1702 2849 1773 2880 Sat.

933 2896 963 2924 4.
981 2904 1012 2923 v.
1029 2894 1082 2924 86.

978 2936 1156 2975 Quadrans]
1172 2936 1350 2973 Nummus,
1363 2934 1509 2973 pecunia.
1555 2934 1642 2965 Vide
1658 2934 1768 2965 Satirae

935 2980 963 3010 1.
980 2986 1109 3010 vet-suin
1124 2981 1197 3009 121.
1214 2981 1242 3008 &
1258 2977 1366 3008 Satirae
1382 2977 1411 3006 6.
1424 2986 1552 3007 versum
1567 2978 1643 3007 447.

975 3022 1013 3053 In
1028 3022 1148 3062 umbra]
1172 3022 1238 3053 Alii
1253 3020 1387 3053 Codices
1401 3021 1534 3060 habent,
1550 3019 1583 3050 in
1598 3030 1684 3051 arca.

1925 412 1932 452 u„
