1948 3281
83 56 139 113 94

607 52 947 98 JUVENALIS
984 54 1203 101 SATIRA
1231 56 1314 102 VI.

83 144 291 176 Gracchorum
323 156 448 185 parens,
475 146 502 176 εἰ
528 157 595 177 cum
613 147 918 198 Gracchorum,
940 147 971 188 si
998 163 1095 189 cum
1117 148 1280 205 magnis
1297 148 1515 192 virtutibus
1533 150 1648 192 affers

79 190 202 219 summis
229 190 347 219 dotibus
376 194 522 229 apportas
550 191 595 219 in-

76 237 201 272 gentem
228 232 366 270 fastum,
401 244 438 262 ac
464 233 495 262 in
527 234 596 263 tlote

610 204 774 245 Grande
798 204 1078 260 supercilium,
1106 206 1146 246 &
1167 221 1358 248 numeras
1380 208 1423 249 in
1439 208 1536 249 dote
1558 208 1812 263 triumphos.

80 280 236 314 computas
272 276 447 314 triumphos.
493 277 596 309 Aufer
608 261 726 302 Tolle
743 271 861 302 tuum
880 277 1022 316 precor
1036 262 1304 314 Annibalem,
1322 265 1562 321 victumque
1579 267 1811 322 Syphacem

80 329 179 357 quaeso
196 322 279 348 tuam
292 320 487 357 Annibalem,
501 323 523 358 ⁹5²
540 320 593 359 Sy·
610 319 659 358 In
684 318 824 359 castris
843 335 854 371 3

75 362 205 400 pltat-em
219 362 249 390 in
260 363 394 392 exercita
408 366 594 401 superatum,

79 408 173 444 atque
199 405 250 434 abi
274 415 340 434 cum
358 407 497 435 unii-ersa
516 405 594 434 Car-

891 319 932 360 &
954 334 1051 360 cum
1069 329 1155 360 tota
1177 321 1428 377 Carthagine
1447 323 1592 379 migra.

610 376 732 416 Parce
754 390 910 430 precor,
936 377 1076 427 Paean,
1109 378 1148 418 ὅτ.
1171 387 1214 419 tu
1237 378 1395 432 depone
1415 380 1607 436 sagittas:

1733 323 1814 368 170

80 447 219 489 magiae.
265 447 416 486 Amphion
445 448 593 485 vocgsffira-
608 432 681 473 Nil
700 433 813 487 pueri
835 433 995 475 faciunt
1013 451 1026 486 3
1060 435 1190 489 ipsam
1209 435 1403 492 configite
1425 446 1595 478 matrem
1613 453 1624 478 ε

80 494 142 528 tur,
166 492 294 531 indulge
318 501 428 529 qaaeso,
455 490 825 545 Plza¹be;Amph10n
849 490 1013 533 effluat·

609 547 770 589 Extulit
792 563 888 604 ergo
912 563 1074 605 gregem
1095 559 1302 601 natorum,
1322 550 1541 607 ipsumque
1563 561 1789 606 parentem,

80 537 173 571 taque
208 536 269 562 tela
307 535 440 571 dimitte,
479 534 595 564 Diana.

78 576 159 606 Filii
174 577 251 606 nihil
266 578 470 614 committant,
498 578 595 613 ipsam

74 624 233 658 parentem
261 620 424 657 confodite.

490 617 595 648 Veram
610 605 726 646 Dum
742 605 819 646 sibi
836 605 1014 647 nobilior
1036 609 1212 650 Latonae
1230 617 1351 664 gente
1372 609 1545 659 videtur,

1076 493 1156 534 Sed
1182 493 1308 534 Paean
1329 495 1536 535 contrahit
1556 509 1715 536 arcum.

1727 610 1805 655 175

77 663 190 701 Apnllo
203 664 333 692 intendit
347 672 470 691 arcum.-
495 663 614 692 turbam
629 663 727 703 igitur
743 675 905 703 puerorum
933 665 1102 704 interfecit,
1118 671 1211 705 atque
1237 668 1331 706 ipsum
1351 671 1492 706 patrem.-
1517 668 1636 707 quando
1651 667 1749 697 Niobe
1763 668 1812 707 ip-

79 705 320 745 saquefertilior
335 705 467 735 candida
480 705 533 736 illa
545 716 611 746 sue,
628 707 874 746 proestantiorem
889 712 1021 747 sepzctat
1039 709 1167 740 Latona:

81 859 189 897 ticam,
215 860 385 890 humilem.
432 861 564 891 Talium
581 862 668 892 enim
685 864 811 893 castitas
827 863 923 894 simul

81 903 109 930 ἂ
140 903 296 933 modestia
324 904 514 934 celebratur.
574 905 656 934 Vide
685 907 751 936 Sat.
769 909 797 936 1.
821 917 851 936 v.
872 909 923 938 51.

77 945 116 974 ad
136 956 259 984 vocem,
288 946 447 977 Venusina.

125 989 283 1028 Cornelia]
309 991 468 1029 Scipionis
484 990 629 1021 Africani
646 992 716 1022 filia.
734 993 807 1023 Tib.
831 993 924 1023 Sern-

78 1033 192 1071 pronio
220 1033 366 1063 Graccho
397 1040 513 1072 nupta,
539 1035 660 1064 Tiberii
687 1037 715 1064 δε
740 1037 809 1066 Caii
826 1035 923 1066 Grac-

79 1076 215 1105 chorum
234 1084 347 1106 mater.
395 1077 484 1106 Huic
500 1083 639 1108 statuam
656 1079 765 1108 Romte
783 1080 922 1118 positam

79 1118 114 1147 in
148 1119 275 1148 Metelli
306 1120 437 1158 public-21
470 1122 607 1158 porticu,
630 1129 742 1152 auctor
769 1129 817 1151 est
841 1122 923 1153 Plin.

78 1161 133 1190 lib.
146 1162 196 1190 34.
225 1173 293 1201 cap.
310 1163 339 1192 6.
365 1162 479 1195 Quint.
494 1164 546 1193 lib.
570 1167 596 1193 l.
615 1174 686 1204 cap.
704 1166 785 1194 l.sic
800 1165 919 1195 habet:

80 1204 283 1235 Gracchorum
306 1206 483 1245 eloquentia?
506 1206 634 1236 maltam
659 1209 823 1237 contulisse
837 1219 922 1238 acce-

72 1248 174 1285 pimus·
215 1249 390 1278 Comeliam
434 1253 574 1288 matrem,
611 1251 698 1289 cnjus
735 1252 923 1282 (loc-tissimus

75 1301 170 1319 sermo
183 1292 212 1320 z'rt
225 1297 365 1329 posteros
380 1302 495 1332 quoqne
510 1297 553 1322 est
565 1294 701 1333 epistolis
719 1295 864 1324 traditus.

126 1334 195 1365 167.
226 1334 449 1376 (irasc-horum]
476 1335 527 1365 De
543 1337 592 1366 his
611 1337 682 1367 vide
696 1339 761 1368 Sat.
775 1339 807 1368 2.
824 1347 854 1368 V.
869 1339 924 1369 24.

78 1379 106 1406 δὲ
133 1388 204 1416 quae
222 1387 280 1408 nos
296 1380 333 1408 ad
354 1389 478 1415 vocem,
497 1379 666 1410 Gracchos.

123 1421 198 1450 Cum
219 1423 340 1462 magnis
365 1422 542 1461 rit-lutilus]
579 1423 769 1462 Nobilitate,
795 1425 923 1464 opibus,

78 1463 198 1503 insigni
224 1465 391 1503 pudicitia,
416 1465 579 1504 facundia,
603 1468 772 1506 sapientiai,
794 1467 923 1498 soecun-

78 1507 187 1536 ditate.
236 1508 287 1537 De
318 1510 437 1546 quibus
468 1509 626 1541 Plutarch.
658 1511 687 1539 e‘c
716 1510 779 1542 alii,
826 1511 922 1541 Certe

78 1550 250 1580 duodecim
279 1551 360 1580 filios
392 1562 434 1581 ex
463 1561 528 1581 uno
557 1554 622 1582 viro
649 1553 718 1582 Tib.
748 1555 919 1592 Sempron.

80 1593 227 1624 Graccho
240 1596 389 1634 genuisse
404 1605 413 1633 ς
439 1596 466 1624 <Sc
481 1602 554 1633 post
569 1597 637 1633 ejus
652 1602 801 1634 mortem,
816 1596 921 1627 Ptole-

78 1637 152 1665 maei
168 1639 246 1677 regis
272 1639 402 1676 nuptias
428 1638 587 1677 respuisse
603 1638 803 1678 Corneliam,
828 1640 923 1671 refert

77 1677 163 1710 Plut.
180 1681 212 1710 in
227 1680 389 1711 Gracchis.

127 1723 184 1752 168
221 1724 436 1763 Supercilium]
460 1724 607 1764 Fastum,
624 1727 821 1765 superbiam,
839 1737 921 1758 arro-

80 1768 222 1805 gantiam
283 1768 369 1798 Vidc
383 1769 438 1797 Sat
463 1770 495 1798 2.
519 1779 548 1798 v.
566 1770 619 1800 93.
877 1765 883 1770 ³

126 1809 319 1850 Triumphos]
357 1812 498 1841 Suorum
529 1812 640 1842 laudes
671 1821 707 1841 ac
739 1813 921 1852 triumphos

72 1852 197 1891 jactare
210 1861 420 1884 consueverat
434 1855 598 1892 Cornelia,
616 1855 789 1885 Plutarcho
807 1863 897 1887 teste.

126 1896 197 1927 169.
229 1897 312 1926 Tolle
327 1902 411 1927 taam
424 1909 533 1937 precor
548 1898 748 1936 Annibalem]
772 1899 822 1928 Ne
839 1901 920 1931 mihi

78 1939 266 1977 importune
295 1941 431 1980 praedica
458 1943 556 1971 victos
585 1942 602 1970 Ξι
628 1943 691 1971 tuis
715 1943 862 1981 ingentes
884 1954 921 1974 ac

79 1991 226 2013 summos
246 1994 396 2023 quosque
411 1985 534 2022 Duces,
559 1986 731 2023 ipsamque
754 1985 921 2018 subactam

78 2034 114 2055 ac
132 2026 272 2056 deletam
287 2027 530 2067 Carthaginem.

122 2069 321 2108 Annibalem]
347 2070 649 2110 Carthaginensium
667 2070 812 2109 Ducem,
835 2074 921 2110 jura-

80 2118 152 2142 tum
167 2113 391 2143 Rornanorum
409 2114 550 2151 hostem,
565 2114 677 2152 eisque
693 2124 749 2152 per
763 2121 808 2144 tot
823 2125 923 2146 annos

80 2155 340 2194 formidolosum,
364 2157 414 2185 vel
433 2157 497 2186 una
516 2152 678 2186 Cannensi
691 2158 821 2187 victoria
838 2160 922 2189 cele-

79 2198 182 2236 brem,
200 2199 386 2238 Campaniae
404 2200 524 2229 deliciis
538 2200 689 2238 fractum,
716 2201 753 2229 ad
769 2201 887 2231 Nolam
906 2204 922 2232 a

80 2240 236 2272 Marcello
253 2249 455 2281 superatum,
479 2243 611 2273 tandem
628 2244 661 2272 in
676 2243 785 2274 Africa
802 2254 921 2276 caesum

82 2285 110 2318 ὅ(
127 2285 278 2323 fugatum
296 2296 371 2316 cum
390 2287 502 2316 multis
517 2287 693 2316 Poenorum
710 2287 853 2318 millibus
866 2289 920 2318 ob-

81 2327 207 2359 sidente
224 2329 455 2369 Carthaginem
483 2330 636 2368 Scipione
654 2329 820 2360 Africano.
868 2332 920 2362 De

80 2380 196 2409 genere
223 2374 334 2403 mortis
363 2383 427 2402 non
455 2379 592 2403 constat.
636 2373 706 2402 Alii
728 2373 843 2404 dicunt
866 2386 919 2405 ve-

79 2421 165 2443 neno
193 2417 336 2454 seipsum
366 2418 526 2455 enecasse,
564 2425 606 2445 ne
629 2416 662 2445 in
694 2415 914 2448 Romanorum

78 2462 275 2495 potestatem
292 2460 426 2497 veniret,
449 2460 502 2489 alii
520 2460 537 2488 a
553 2459 860 2498 Carthaginensibus
876 2463 917 2492 ob

79 2508 146 2529 rem
182 2502 264 2531 male
301 2510 423 2542 gestam
466 2503 623 2541 lapidibus
654 2503 828 2541 obrutum3
866 2505 918 2535 alii

79 2543 167 2571 cruci
182 2543 328 2575 affixum.
371 2545 412 2575 T.
443 2546 567 2583 Livius,
597 2546 760 2576 Plutarch.
775 2545 916 2587 Eutrop-

80 2583 171 2615 Oros.
187 2587 245 2615 &c

127 2627 245 2658 Victum
275 2631 437 2669 Syphacem
465 2633 495 2662 in
520 2632 644 2671 castris]
676 2633 838 2663 Numidiae
870 2645 917 2664 re-

78 2681 165 2711 gem,
190 2673 284 2710 cujus
300 2675 327 2702 ἃ
346 2676 532 2706 Asdrubalis
556 2683 657 2706 castra
672 2675 796 2706 facibus
822 2677 917 2707 illatis

79 2714 147 2745 una
163 2721 259 2745 nocte
269 2716 386 2746 delevit
400 2719 507 2756 Scipio
519 2719 705 2758 Africanus,
717 2725 798 2749 teste
812 2720 920 2759 Floro,

77 2756 132 2787 lib.
162 2759 193 2788 2.
229 2768 300 2797 cap.
330 2761 360 2787 6.
406 2760 468 2789 Hic
492 2763 590 2792 etiam
619 2763 714 2792 illum
746 2764 856 2801 postea
884 2765 918 2794 in

78 2801 247 2840 triumpho
270 2802 376 2830 duxit.
423 2802 584 2834 Plutarch.
613 2806 647 2834 in
677 2806 740 2835 vita
760 2807 918 2845 Scipionis

76 2843 222 2874 Africani
238 2854 281 2874 ex
296 2845 441 2882 Polybio.

124 2884 196 2917 170.
220 2886 427 2928 Carthagine]
464 2887 543 2917 Haec
572 2890 644 2919 urbs
671 2891 734 2921 situ
754 2893 779 2920 ἃ
801 2892 917 2923 viribus

78 2928 186 2959 Romae
204 2930 330 2960 dudum
347 2930 478 2968 aemnla,
502 2931 623 2960 habens
649 2934 682 2962 in
700 2934 835 2964 circuitu
859 2937 917 2965 tria

76 2981 174 3010 supra
204 2973 319 3012 viginti
350 2974 451 3003 millia
483 2983 650 3012 passuum,
690 2981 769 3005 teste
799 2977 915 3017 Livio;

78 3015 195 3052 triplici
210 3016 296 3045 bello
314 3017 476 3047 Romanos
497 3017 654 3055 fatigavit.
700 3017 839 3055 Opusne
856 3021 915 3049 Di·

76 3056 168 3088 donis
180 3058 286 3097 fuerit,
300 3069 341 3090 an
351 3059 536 3101 Tyriorum,
550 3068 614 3089 non
630 3060 766 3095 omnino
779 3068 915 3093 constat.

968 863 1026 893 An
1045 870 1125 893 esset
1150 865 1287 894 delenda
1301 864 1411 894 Romae
1429 863 1657 899 deliberatum,
1689 868 1726 893 nt
1742 864 1809 904 glo-

968 907 1019 935 riae
1038 917 1127 947 seges
1144 917 1180 937 ac
1208 908 1334 937 virtutis
1351 908 1484 937 materia
1500 916 1671 946 nunquam
1688 907 1808 938 Roma-

968 951 1017 979 nis
1040 949 1173 979 deesset.
1218 951 1265 980 At
1290 960 1332 980 ex
1346 950 1477 980 Catonis
1493 950 1654 979 sententia
1668 951 1808 980 Senatus

967 993 1154 1032 Scipionem
1171 992 1385 1023 AEmilianum
1403 994 1437 1023 in
1455 993 1596 1023 Africam
1616 993 1704 1022 misit
1730 1003 1807 1023 cum

967 1035 1092 1075 ingenti
1110 1037 1268 1074 exercitu,
1293 1038 1351 1076 qui
1367 1036 1599 1075 Carthaginem
1621 1036 1638 1064 a
1656 1036 1808 1074 Scipione

966 1080 1121 1109 Africano
1138 1080 1329 1118 vectigalem
1351 1081 1420 1117 jam
1447 1080 1521 1108 ante
1546 1079 1665 1108 factam
1683 1080 1807 1109 obside-

968 1129 1029 1160 ret,
1053 1130 1183 1161 caperet
1210 1132 1245 1152 ac
1269 1123 1336 1152 solo
1363 1127 1517 1161 aequaret.
1562 1121 1660 1154 Quod
1682 1122 1807 1151 factum

967 1172 1014 1194 est
1028 1175 1116 1195 anno
1146 1165 1319 1204 postquam
1337 1172 1403 1195 erat
1428 1165 1558 1195 condita
1585 1166 1805 1204 septingente-

966 1209 1061 1245 simo,
1084 1209 1150 1238 Tit.
1167 1209 1237 1238 Liv.
1264 1209 1317 1238 lib.
1333 1210 1384 1238 51.

1018 1254 1090 1282 171.
1115 1252 1216 1281 Parce
1227 1252 1350 1290 precor]
1375 1251 1617 1290 Prosopopoeia,
1635 1260 1699 1288 qua
1713 1252 1807 1280 exhi-

967 1294 1062 1324 betur
1078 1296 1249 1334 Amphion
1266 1304 1322 1333 pro
1336 1295 1406 1324 filiis
1423 1294 1596 1333 deprecans
1611 1294 1805 1332 Apollinem

968 1339 995 1367 Sc
1011 1338 1150 1368 Dianam
1166 1338 1278 1368 Niobae
1293 1337 1413 1367 fastum
1426 1337 1626 1367 ulciscentes.
1655 1337 1806 1375 EJusque

967 1382 1120 1420 exemplo
1135 1380 1425 1421 probatJuvenalis
1440 1386 1563 1419 quanta
1574 1380 1613 1409 sit
1627 1380 1806 1410 mulierum

967 1425 1162 1464 arrogantia,
1182 1434 1253 1463 quae
1272 1423 1360 1453 Deos
1379 1424 1474 1453 etiarn
1490 1424 1632 1453 lacessat.

1010 1467 1120 1506 Paean]
1155 1467 1205 1497 lta
1231 1472 1363 1496 vocatur
1391 1467 1525 1504 Apollo,
1549 1475 1619 1501 seu,
1643 1466 1660 1494 a
1690 1463 1807 1504 walen,

968 1512 1044 1549 quia
1059 1511 1158 1540 radios
1185 1511 1278 1550 quasi
1304 1511 1431 1549 sagittas
1446 1509 1559 1546 vibrat,
1583 1509 1686 1547 iisque
1710 1509 1806 1538 ferit:

966 1563 1023 1583 seu
1051 1555 1067 1583 a
1084 1553 1194 1584 ἰι-παύειν
1209 1554 1262 1587 τὰς
1279 1552 1371 1591 ἀνίας,
1396 1552 1472 1592 quia
1494 1551 1552 1582 sua
1577 1561 1635 1580 nos
1659 1552 1733 1581 luce
1758 1561 1804 1581 re-

966 1604 1051 1627 creat
1078 1598 1145 1635 Sol,
1181 1599 1209 1627 ἂ
1236 1606 1387 1626 moerores
1412 1596 1520 1635 abigit.
1565 1594 1647 1624 Vide
1663 1594 1808 1627 Macrob.

946 1640 1095 1681 'Saturn
1118 1641 1174 1670 lib.
1191 1643 1218 1670 1.
1243 1649 1314 1678 cap.
1333 1642 1383 1670 17.

1014 1683 1060 1713 Tu
1090 1685 1202 1723 depone
1229 1682 1376 1720 sagittas]
1430 1682 1622 1721 Alloquitur
1648 1681 1806 1720 Dianam,

965 1728 1060 1764 cujus
1084 1729 1112 1757 sc
1128 1727 1290 1766 Apollinis
1307 1726 1527 1765 indignatione
1548 1735 1585 1754 ac
1610 1724 1731 1764 sagittis
1747 1725 1805 1754 Ni-

966 1770 1034 1799 obae
1052 1770 1120 1808 filii,
1143 1771 1185 1800 ob
1203 1779 1282 1808 quos
1300 1779 1336 1799 ea
1353 1768 1570 1807 superbiebat,
1593 1777 1706 1798 omnes
1721 1777 1802 1797 con-

964 1813 1024 1842 fixi
1055 1815 1233 1853 perierunt.
1279 1811 1366 1842 Vide
1397 1811 1495 1841 Ovid.
1524 1810 1743 1850 Metamorph.
1772 1810 1804 1840 6.

966 1856 1043 1887 Fab.
1062 1859 1094 1887 3.

1012 1902 1083 1931 172.
1109 1899 1168 1930 Nil
1190 1898 1281 1939 pueri
1297 1897 1442 1936 faciunt]
1479 1897 1609 1926 Innoxii
1635 1899 1724 1934 sunt,
1747 1906 1805 1927 cur

965 1942 1063 1973 luunt
1099 1953 1221 1974 noxam
1260 1942 1372 1971 Niobae
1403 1939 1533 1970 matris?
1571 1940 1666 1970 Hanc
1704 1941 1802 1980 ipsam

966 1985 1110 2023 plectite.

1008 2028 1176 2071 Amphion]
1210 2028 1302 2060 Jovis
1325 2038 1367 2057 ex
1381 2027 1527 2065 Antiope
1542 2026 1636 2063 filius,
1661 2026 1678 2055 a
1696 2026 1803 2057 Plinio

966 2071 1020 2101 lib.
1038 2075 1068 2104 7.
1085 2083 1154 2112 cap.
1174 2072 1225 2102 56.
1252 2072 1408 2101 citharam
1426 2070 1596 2105 invenisse,
1612 2069 1804 2108 primusque

967 2115 1019 2146 illa
1037 2125 1114 2146 cum
1129 2125 1208 2145 voce
1224 2115 1375 2144 cecinisse
1396 2113 1522 2142 dicitur.
1570 2113 1711 2142 Patriam
1727 2114 1804 2142 vero

967 2168 1058 2189 Suam
1074 2159 1200 2189 Thebas
1230 2159 1303 2197 lyra:
1332 2165 1410 2186 sono
1437 2154 1606 2185 aedificasse
1632 2156 1675 2184 ait
1700 2155 1804 2185 Hora-

968 2203 1032 2232 tius
1058 2203 1098 2232 ad
1127 2203 1255 2232 Pisones
1282 2210 1310 2230 v.
1330 2200 1404 2231 394.
1429 2208 1495 2238 quo
1521 2197 1707 2228 facundiam
1732 2199 1804 2236 ejus

968 2245 1134 2285 significat.
1657 2283 1663 2288 ᾗ

1014 2290 1084 2319 173.
1109 2288 1171 2318 Sed
1190 2287 1281 2317 Paean
1296 2283 1448 2316 contrahit
1464 2282 1583 2324 arcum]
1622 2283 1677 2313 Nil
1694 2288 1802 2314 motus

964 2331 1162 2370 Amphionis
1176 2332 1271 2370 patris
1286 2331 1361 2360 licet
1376 2329 1557 2358 innocentis
1575 2327 1728 2364 precibus.

1010 2378 1081 2406 174.
1105 2374 1253 2414 Extulit]
1283 2373 1385 2405 Quasi
1411 2371 1449 2400 ad
1474 2370 1684 2409 sepulchrum
1713 2370 1801 2400 tulit.

964 2417 1050 2448 Vide
1066 2422 1129 2448 Sat.
1152 2421 1181 2447 1.
1206 2427 1236 2446 v.
1251 2418 1304 2447 72.

1006 2462 1138 2501 Gregem
1154 2458 1308 2497 natorum]
1331 2456 1530 2496 Amphionis
1548 2456 1575 2484 δε
1593 2455 1704 2485 Niobae
1719 2454 1800 2484 filios

960 2504 1001 2536 de
1038 2514 1179 2544 quorum
1218 2512 1355 2533 numero
1392 2500 1589 2530 dissentiunt
1625 2498 1801 2528 admodum

961 2548 1138 2587 scriptores.
1183 2547 1253 2577 Alii
1269 2544 1453 2582 duodecim,
1469 2542 1523 2571 alii
1539 2540 1799 2589 quatuordecim,

960 2591 1016 2620 alii
1042 2591 1082 2621 ad
1109 2591 1223 2630 viginti
1248 2588 1405 2619 referunt.
1447 2585 1534 2614 Vide
1559 2583 1645 2614 Gell.
1676 2583 1800 2614 11b.20.

961 2643 1032 2673 cap.
1053 2635 1083 2663 6.
1129 2632 1250 2663 AElian.
1267 2632 1345 2661 Var.
1361 2630 1480 2660 Histor.
1499 2627 1553 2656 lib.
1574 2628 1625 2656 12.
1648 2627 1784 2665 cap..‘56.

1004 2676 1186 2714 parentem]
1210 2675 1287 2705 Non
1303 2673 1392 2714 quod
1407 2672 1446 2701 ab
1463 2670 1619 2708 Apolline
1635 2669 1798 2705 confixus,

964 2720 1017 2750 sed
1049 2720 1137 2760 quod
1159 2729 1224 2748 suae
1253 2724 1453 2754 suorumque
1476 2713 1664 2743 calamitatis
1690 2713 1800 2743 dolore

963 2764 1108 2802 seipsum
1124 2761 1329 2792 interfecerit.
1709 2798 1715 2804 .

1009 2808 1081 2836 175.
1107 2806 1190 2835 Dum
1203 2804 1261 2833 sibi
1275 2799 1419 2840 nobilior]
1443 2800 1531 2830 Nam
1556 2804 1645 2829 tanta
1668 2799 1732 2829 fuit
1757 2797 1797 2828 ob

962 2849 1211 2879 foecunditatem
1238 2853 1337 2884 atque
1362 2844 1504 2873 filiorum
1521 2851 1698 2872 numerum
1715 2850 1797 2871 arro·

961 2893 1070 2931 gantia
1085 2892 1213 2927 Niobae,
1236 2896 1274 2919 ut
1288 2889 1347 2918 sibi
1363 2887 1470 2927 potius
1484 2887 1586 2925 quam
1601 2885 1732 2915 Latonae
1750 2893 1797 2932 sa-

961 2935 1172 2965 crificandum
1194 2934 1340 2969 jacmen
1364 2940 1437 2969 quae
1463 2929 1546 2958 duos
1573 2928 1700 2975 tantum
1717 2925 1795 2974 Dia-

961 2987 1036 3008 nam
1066 2979 1094 3008 &
1126 2975 1315 3015 Apollinem
1344 2979 1510 3012 genuerat.
1554 2970 1738 3000 Ovid.1oco
1754 2978 1795 2998 ci-

960 3026 1038 3050 tato,

1002 3063 1131 3094 Latonae
1141 3061 1251 3104 gente]
1290 3060 1446 3101 Apolline
1463 3060 1491 3090 δε
1510 3057 1629 3097 Diana,
1650 3054 1739 3088 Jovis
1754 3063 1796 3085 ea
