1948 3281
720 92 908 138 PERSII
940 90 1160 136 SATIRA
1190 92 1230 134 I.

1742 100 1821 143 281

108 188 225 232 Men'
263 185 414 230 mutire
448 186 578 240 nefas,
611 200 688 228 nec
720 186 844 239 clam,
887 201 964 228 nec
997 200 1092 228 cum
1126 183 1268 226 scrobe
1287 183 1360 225 ?A⁷³
1377 184 1451 216 mihi
1465 196 1523 216 ’²⁰⁷1
1539 188 1642 218 licebit
1658 188 1835 231 kioeereme

275 247 516 302 Nusquam.

107 305 192 348 Hic
215 312 352 345 tamen
374 303 574 345 infodiam
594 319 605 343 ε
639 301 755 354 Vidi,
780 302 861 344 vidi
885 301 984 356 ipse,
1009 300 1158 342 libelle.

1317 229 1436 267 quidem
1473 232 1599 269 secreto,
1639 243 1676 262 ne
1713 236 1839 272 quidem

1317 272 1489 307 cum-fovea
1501 273 1515 301 .2
1540 273 1736 306 Nullatenzis
1750 280 1836 310 licet.

1226 299 1306 341 120
1318 316 1463 345 Attamen
1487 316 1559 346 istic
1582 318 1683 348 veluti
1704 322 1837 353 scrobem

108 361 324 403 Auriculas
346 361 449 402 asini
473 362 565 418 quis
584 376 668 401 non
688 361 838 401 habet?
876 361 972 401 Hoc
997 373 1073 416 ego
1096 359 1455 414 opertum,.s?1⁶i⁶⁴m-·
1493 360 1520 389 ὅ(
1551 361 1778 403 insusurrab03
1815 366 1836 394 ὁ

108 420 204 461 Hac
225 419 351 460 ridere
372 434 528 471 meum,
563 429 643 460 tam
668 418 743 469 nil,
775 417 891 460 nulla
913 417 985 458 tibi
1008 417 1141 457 vendo

308 477 473 519 Audaci
497 477 753 533 quicumque
776 475 907 517 afflate
932 474 1120 525 Cratino,

110 535 264 576 Iratum
285 535 532 590 Eupolidem
557 533 784 590 praegrandi
807 548 905 574 cum
928 547 1024 574 sene
1046 532 1185 587 palles,

109 477 247 518 Iliade.

109 621 164 651 tibi
179 621 244 651 ullo
259 623 391 652 carmine
413 624 450 652 de
466 623 537 655 Ilio.

107 674 172 694 cum
190 666 289 695 vetulo
300 667 467 707 grandaevo
481 667 603 707 legenS,
620 665 761 705 pallidus
775 666 826 703 sis,

1318 402 1405 437 lat-er,
1428 402 1548 441 aspexi,
1572 409 1691 443 egomet
1721 408 1838 445 aspexi.

1318 445 1416 475 Eccui
1432 455 1492 474 non
1501 451 1572 476 sunt
1586 457 1676 477 aures
1687 449 1813 479 asinina:
1824 449 1840 479 ?

1318 488 1390 529 Ego
1425 489 1510 518 istud
1543 492 1705 529 occultum,
1741 503 1839 523 meam

1318 532 1410 561 istam
1441 533 1627 571 derisionem,
1650 535 1725 564 adeo
1745 537 1839 575 parvi

1312 576 1411 613 pretii
1425 577 1502 606 licet
1522 584 1581 614 est,
1606 587 1666 607 non
1688 581 1839 618 venundo,

584 622 727 662 Quisquis
748 621 880 651 imbutus
900 631 931 650 es
947 620 1076 650 Cratino
1097 618 1267 659 petulanti,
1291 619 1436 659 quisquis
1459 620 1638 650 iracundum
1654 620 1840 661 Eupolidem

109 829 167 866 tio,
190 829 256 858 sive
273 829 384 860 referas
408 831 447 859 ad
472 840 549 861 eum
577 831 634 870 qui
657 829 791 868 deridet,
815 829 883 860 sive
907 832 948 861 ad

109 881 186 902 euin
201 874 259 911 qui
275 873 443 903 deridetur.

155 918 225 946 119.
256 916 346 946 M'en'
359 918 468 946 mutire
481 918 570 955 nefas·
581 915 609 958 .·]
644 917 772 947 Mihine
784 916 842 947 soli
858 916 947 947 nefas

108 958 199 996 loqui
215 960 243 988 Sc
259 969 385 998 carpere
402 971 514 998 pravos
530 961 705 990 hominum
724 959 851 990 mores?

149 1000 218 1031 Nec
233 1001 328 1041 clam]
351 1002 625 1043 Quandoquidem
656 1005 754 1033 etiam
781 1004 888 1042 palam
915 1005 945 1034 id

107 1042 211 1074 facere
236 1045 328 1075 licuit
358 1048 439 1082 alii=,
474 1047 612 1084 Lucilio,
639 1048 794 1077 Horatio:
835 1057 944 1077 annon

107 1087 219 1117 saltem
235 1089 315 1118 inter
331 1089 500 1120 familiares
517 1091 564 1119 sas
581 1092 663 1120 mihi
689 1091 747 1120 erit
773 1090 806 1120 in
823 1091 900 1120 vitia
918 1092 946 1121 8„-

107 1139 224 1160 errores
236 1133 358 1170 stylum
372 1135 524 1173 stringere
538 1134 546 1162 ?

148 1173 218 1203 IVec
245 1185 311 1204 cum
339 1176 484 1215 scrobelj
509 1177 638 1207 Alludit
667 1177 705 1207 ad
735 1177 878 1207 fabulam
907 1177 948 1207 de

107 1216 209 1256 Mida,
227 1219 372 1248 cuicum
397 1221 534 1250 asininas
561 1231 626 1250 esse
652 1230 743 1250 aures
769 1228 878 1250 tonsor
902 1221 948 1250 vi—

107 1261 217 1298 disset,
241 1271 301 1291 nee
326 1263 431 1301 palam
457 1264 605 1303 evulgare
622 1265 766 1301 auderet,
789 1265 947 1302 prurienti

107 1303 228 1343 linguae
256 1312 293 1334 ut
314 1306 505 1336 satisfaceret
521 1308 740 1345 aliquatenus,
766 1314 878 1337 terram
902 1308 945 1337 es-

107 1346 200 1386 fodit,
227 1349 254 1376 S:
270 1350 372 1378 scrobi
395 1349 484 1379 factae
513 1351 721 1380 insusurravit
748 1351 779 1380 id
796 1351 885 1390 quod
901 1352 947 1380 vi-

106 1389 205 1420 derat.
250 1391 338 1431 Lege
353 1392 448 1422 Ovid.
464 1393 684 1432 Metamorph.
708 1394 764 1423 lib.
779 1396 828 1423 11.
841 1404 912 1434 cap.
925 1396 945 1424 4

107 1434 179 1463 ὄιῡ.

149 1477 324 1518 Nusquam]
348 1479 567 1519 Nequaquam
579 1481 667 1518 licet,
691 1481 734 1510 ait
750 1481 901 1511 monitor.

153 1521 226 1550 120.
252 1521 316 1552 Hic
341 1527 440 1552 tamen
462 1524 629 1562 infodiam]
653 1524 740 1553 Mihi
766 1524 840 1554 vero
865 1529 947 1555 tem-

107 1572 218 1603 perare
245 1575 312 1595 non
340 1576 480 1604 possum,
503 1569 612 1607 inquit
637 1567 786 1605 Persius3
812 1578 947 1607 quoquo

108 1608 207 1637 modo
233 1609 391 1639 sedandus
421 1617 467 1640 est
492 1612 566 1649 styli
592 1611 743 1650 pruritus.
787 1610 885 1651 Ergo,
911 1618 947 1642 ut

108 1649 207 1680 Midae
224 1657 332 1682 tonsor
348 1652 467 1683 effossae
484 1660 583 1691 terrae,
605 1655 647 1683 sic
671 1663 730 1693 ego
742 1653 850 1684 libello
866 1655 944 1685 huic

109 1702 184 1724 meo
208 1695 333 1733 loquar,
356 1697 538 1734 inscribam,
564 1699 591 1726 ἃ*
618 1698 719 1727 animi
742 1707 834 1727 sensa
859 1708 947 1728 com—

108 1738 261 1767 mittam:
298 1748 365 1768 non
395 1741 512 1770 temere
539 1740 672 1779 quidem
698 1741 884 1779 protrudam
912 1742 946 1771 in

108 1779 220 1810 lucem
237 1782 325 1820 quod
346 1784 510 1821 scripsero,
533 1783 587 1813 sed
610 1783 743 1813 scribam
766 1784 892 1823 saltem,
918 1786 948 1814 δε

108 1824 264 1862 scriptum
279 1826 370 1855 velut
386 1826 543 1857 infodiam
569 1827 596 1856 δε
619 1826 729 1856 celabo
745 1827 832 1865 apud
848 1837 902 1857 me
919 1829 948 1857 δε

108 1867 197 1906 apud
214 1877 334 1906 paucos
350 1870 482 1906 amicos,
509 1876 542 1900 ut
557 1870 730 1909 aliquando
748 1871 846 1900 etiam
871 1881 946 1910 pos-

107 1910 169 1939 teri
183 1910 297 1949 legant.

157 1953 240 1992 Vidi,
266 1955 330 1984 ridi
353 1955 431 1995 ipse]
465 1957 619 1996 Eruinpit
642 1956 821 1996 indignatio
849 1967 944 1988 mea:

105 1996 175 2033 jam
202 1998 274 2027 dico
302 1999 334 2028 id
358 2000 447 2037 quod
472 2001 537 2030 vidi
560 2010 624 2030 non
650 2000 840 2029 ferendum:
866 2002 886 2030 ὁ
909 2001 945 2031 li-

108 2039 207 2077 belle,
230 2050 290 2080 ego
305 2042 374 2081 ipse
388 2043 452 2072 vidi
468 2053 528 2073 nec
544 2043 644 2073 semel
660 2043 725 2072 vidi
737 2043 867 2072 fatuum
883 2044 948 2073 Ne-

110 2083 194 2112 ronis
208 2083 247 2112 de
261 2086 455 2116 carminibus
471 2087 646 2124 judicium,
669 2087 871 2126 stultamque
886 2097 947 2117 no-

108 2125 224 2155 bilium
243 2128 467 2159 Romanorum
492 2131 543 2159 vel
568 2131 783 2170 ignorantiam
799 2131 849 2160 vel
868 2131 948 2160 adu-

110 2168 277 2199 lationem.

155 2213 230 2243 121.
263 2213 430 2244 Auriculas
453 2215 545 2253 asini,
569 2216 635 2255 ἐξα]
671 2217 799 2246 Dicitur
826 2216 947 2248 Persius

110 2255 287 2294 scripsisse:
326 2258 491 2287 Auriculas
517 2259 597 2288 asini
626 2259 719 2288 Mida
748 2269 803 2288 reoe
832 2259 945 2290 habet.-

110 2300 283 2330 correxisse
317 2306 428 2331 autem
459 2303 608 2332 Annaeus
639 2302 817 2342 Cornutus,
852 2303 948 2334 Persii

110 2340 309 2382 Praeceptor:
348 2345 416 2383 quis
440 2354 499 2373 non
525 2345 645 2375 hahet?
676 2355 719 2375 ne
740 2354 774 2375 se
795 2351 948 2378 notatum

110 2383 199 2415 Nero
223 2387 319 2416 nimis
345 2388 453 2427 aperte
478 2388 681 2429 intelligeret.
727 2388 950 2429 Casaubonus,

109 2427 262 2459 Lubinus
289 2432 316 2460 δε
343 2432 405 2461 alii.
454 2431 575 2462 Contra
600 2433 754 2462 nonnulli
779 2439 949 2472 pugnant:

108 2479 178 2501 non
192 2473 298 2503 minus
322 2476 431 2513 aperte
446 2475 544 2504 videri
560 2481 709 2506 notatum
733 2475 831 2505 fuisse
847 2476 948 2507 Nero-

110 2523 188 2544 nem
215 2516 378 2548 afferendo
405 2519 535 2558 vulgata
563 2519 602 2548 ab
629 2529 668 2549 eo
697 2519 825 2558 scripta,
852 2519 948 2551 Torva

109 2555 330 2599 Mimalloneis,
345 2562 388 2599 &,
400 2561 617 2599 Berecynthius
631 2562 726 2591 Attin
737 2573 748 2590 .·
772 2563 859 2592 unde
873 2572 945 2593 con-

111 2601 250 2632 tendunt
264 2604 333 2633 haec
348 2614 414 2634 non
429 2605 528 2635 fuisse
551 2606 649 2643 ipsius
665 2604 814 2643 Neronis,
837 2611 876 2636 ut
890 2616 949 2637 suo

110 2641 182 2673 loco
197 2644 351 2678 diximus.
398 2649 559 2679 Caeterum
575 2657 685 2678 sensus
702 2654 765 2687 est3
791 2650 864 2688 quis
880 2659 948 2680 non

108 2688 178 2716 tam
194 2688 303 2728 inepte
321 2691 448 2728 judicat
461 2692 502 2721 de
518 2691 734 2729 Carminibus,
758 2691 860 2730 quam
883 2692 948 2722 Mi-

111 2727 164 2759 das
178 2730 218 2760 de
233 2738 344 2772 cantu,
366 2736 420 2764 cui
444 2735 613 2774 propterea
638 2736 674 2764 in
694 2734 872 2766 ludibrium
888 2737 945 2766 asi-

109 2772 202 2803 ninas
218 2784 308 2805 aures
323 2777 426 2808 affixit
441 2779 572 2818 Apollo.

153 2816 223 2846 Hoc
250 2828 307 2858 ego
328 2822 477 2860 opertum]
500 2822 612 2852 Meam
641 2822 727 2852 hanc
754 2821 948 2853 derisionem

109 2859 186 2889 licet
211 2863 372 2893 occultam
396 2870 463 2894 tarn
486 2867 586 2904 parvi,
611 2866 677 2895 imo
700 2866 794 2895 nihili
818 2867 836 2894 a
857 2872 903 2904 te,
928 2867 948 2896 ὂ

111 2905 263 2943 monitor,
286 2907 314 2935 &-
331 2907 371 2935 ab
385 2907 452 2936 aliis
465 2908 546 2938 forte
562 2909 797 2946 aestimandam,
821 2918 881 2948 ego
897 2915 946 2938 ta-

110 2955 189 2976 men
201 2949 284 2978 tanti
298 2949 393 2988 facio,
418 2957 453 2980 ut
468 2951 567 2990 pluris
589 2953 747 2982 aestimem
763 2951 863 2990 quam
880 2953 948 2982 Ho-

111 2991 192 3019 meri
207 2990 353 3030 Iliadem,
375 2993 427 3022 vel
444 2994 552 3032 potius
569 2996 668 3034 quam
681 2995 771 3024 Actii
787 2994 948 3024 Labeonis

111 3032 264 3065 Latinam
295 3035 407 3074 Iliada,
430 3039 578 3076 quamvis
606 3038 728 3068 Neroni
766 3038 947 3078 plurimum

111 3077 290 3116 probatam.
335 3079 452 3120 supra,
474 3090 538 3111 ver.
557 3084 589 3113 4:

1038 828 1109 858 122.
1134 824 1236 857 Nulla
1262 826 1318 856 tihi
1345 826 1440 856 vendo
1465 825 1583 867 Iliade]
1619 828 1656 858 Id
1683 834 1741 869 est,
1767 841 1836 862 non

991 877 1229 901 commutarem
1248 880 1303 909 pro
1318 870 1429 907 Iliade,
1456 877 1492 900 ut
1506 881 1583 901 mox
1597 873 1676 902 dixi.

1040 916 1110 944 123.
1136 914 1321 952 Quicumque
1350 913 1471 952 afflate]
1506 914 1706 947 Quaesiverat
1740 918 1834 949 initio

992 959 1143 996 monitor,
1169 959 1242 997 quis
1271 958 1355 996 leget
1384 955 1476 986 hec?
1507 957 1548 987 Et
1580 960 1750 998 respondet
1778 962 1834 992 hic

991 1001 1122 1031 tandem
1151 1001 1273 1031 Persius
1303 1000 1416 1039 quales
1445 1000 1523 1029 velit
1552 1001 1670 1032 habere
1699 1004 1833 1036 lectores

992 1045 1165 1075 Satirarum
1180 1054 1323 1074 suarum.
1377 1042 1509 1082 Nempe
1525 1045 1671 1085 quisquis
1687 1055 1832 1079 assuetus

991 1089 1050 1118 erit
1080 1088 1223 1128 legendis
1252 1086 1446 1117 carminibus
1477 1087 1611 1127 Cratini,
1650 1089 1832 1130 Eupolidis,

991 1132 1229 1170 Aristophanis,
1263 1131 1322 1170 qui
1350 1129 1536 1160 Graecorum
1567 1132 1640 1161 vitia
1674 1134 1832 1165 mordicus

991 1175 1145 1213 carpsere,
1168 1175 1194 1204 is
1207 1174 1304 1204 etiam
1320 1174 1458 1203 libenter
1480 1174 1566 1213 leget
1582 1177 1649 1205 hoec
1674 1186 1746 1206 mea
1762 1187 1831 1209 car-

992 1218 1092 1256 mina,
1109 1218 1226 1257 inquit.

1034 1260 1168 1302 Afflate]
1191 1261 1384 1300 Metaphora
1399 1266 1445 1291 est
1461 1261 1513 1291 vel
1540 1262 1558 1290 a
1574 1262 1707 1293 floribus
1726 1264 1831 1295 odori-

991 1304 1062 1334 feris
1077 1317 1083 1334 :
1109 1306 1172 1341 vel,
1196 1305 1214 1333 a
1229 1304 1355 1343 Pythia,
1371 1314 1443 1343 quae
1458 1305 1549 1334 velut
1565 1305 1712 1337 Numine
1728 1309 1832 1347 Apol·

989 1348 1066 1378 linis·
1083 1349 1213 1384 insessa,
1237 1348 1354 1385 afflata,
1376 1348 1533 1378 illustrata
1548 1350 1792 1383 vaticinabatur.

1034 1391 1158 1420 Audaci
1175 1390 1318 1429 Cratino]
1335 1390 1502 1430 Proprium
1517 1399 1564 1422 est
1580 1393 1670 1422 valde
1687 1394 1830 1427 hominis

989 1435 1072 1465 illius
1089 1435 1286 1474 epithetum,
1313 1436 1437 1474 quippe
1463 1436 1521 1473 qui
1544 1445 1621 1466 curn
1637 1437 1726 1467 omni
1739 1438 1832 1469 liber-

990 1483 1057 1507 tate
1074 1478 1199 1508 Graecos
1216 1482 1403 1517 exagitaret,
1426 1487 1486 1507 nec
1508 1488 1713 1519 quemquam
1739 1483 1831 1513 vitio-

991 1531 1064 1551 sum
1081 1521 1217 1551 Azhenis
1243 1522 1341 1550 latere
1363 1521 1498 1560 sinebat,
1522 1522 1604 1561 quin
1628 1524 1733 1555 statim
1753 1535 1832 1557 eum

992 1565 1025 1593 in
1044 1565 1182 1594 Scenam
1196 1565 1286 1594 omni
1307 1565 1432 1604 populo
1448 1565 1659 1596 deridendum
1674 1569 1831 1606 produce-

992 1614 1050 1646 ret,
1073 1608 1195 1638 scilicet
1211 1608 1244 1637 in
1259 1609 1359 1637 veteri
1373 1608 1550 1639 Comoedia.

1037 1651 1181 1690 Cratino]
1205 1650 1352 1682 Cratinus
1370 1651 1534 1690 Eupolide
1555 1653 1589 1683 Sc
1611 1653 1832 1694 Aristophane

991 1695 1165 1734 antiquior,
1189 1700 1286 1725 natus
1309 1695 1450 1725 Athenis
1477 1696 1605 1734 dicitur,
1630 1699 1658 1727 δε
1688 1697 1831 1730 floruisse

991 1739 1091 1776 paulo
1121 1745 1197 1768 ante
1224 1738 1348 1768 bellum
1374 1738 1686 1777 Peloponesiacum:
1713 1743 1832 1774 vixisse

991 1782 1032 1810 ad
1047 1791 1171 1811 annum
1188 1782 1405 1811 centesimum
1422 1783 1535 1821 aetatis,
1559 1785 1589 1813 δε
1603 1784 1702 1815 fuisse
1723 1787 1829 1817 omni-

993 1835 1050 1854 um
1067 1823 1235 1854 Poetarum
1252 1824 1585 1857 maledicentis-timus.

1037 1868 1109 1897 124.
1136 1866 1333 1906 Eupolidem]
1362 1868 1390 1897 Is
1406 1878 1482 1899 cum
1501 1871 1642 1900 versibus
1666 1871 1832 1905 lacerasset

990 1911 1193 1941 Alcibiadem
1221 1921 1252 1940 in
1282 1920 1367 1940 mare
1391 1912 1430 1941 ab
1459 1912 1497 1941 eo
1526 1913 1741 1953 praecipitatus
1769 1923 1829 1947 esu

991 1954 1079 1984 Tull.
1099 1954 1253 1993 Epistola.
1274 1956 1299 1983 l.
1326 1955 1380 1983 lib.
1396 1955 1428 1984 6.
1457 1955 1495 1985 ad
1521 1957 1623 1986 Attie.
1674 1957 1750 1990 Quis
1772 1969 1831 1989 non

992 1997 1072 2026 dixit
1087 1996 1233 2036 Eupolim
1256 1998 1294 2027 ab
1310 1997 1472 2028 Alcibiade
1497 1999 1669 2040 navigante
1683 2001 1715 2030 in
1731 2000 1832 2032 Sicili-

991 2050 1041 2070 am
1056 2041 1206 2079 dejectam
1219 2050 1282 2070 esse
1296 2041 1328 2069 in
1342 2051 1425 2070 mare
1436 2042 1452 2071 ‚²

1034 2084 1169 2122 Iratum]
1192 2084 1360 2114 Infensum
1389 2086 1551 2125 perpetuo
1577 2087 1833 2120 Atheniensium

990 2133 1084 2157 vitus.

1034 2171 1222 2211 Praegrandi
1236 2182 1302 2201 cum
1317 2171 1402 2210 sene]
1419 2172 1655 2212 Aristophanes
1669 2175 1766 2214 vulgo
1781 2175 1834 2205 in-

989 2215 1158 2254 telligitur,
1182 2216 1240 2254 qui
1270 2225 1327 2245 seu
1356 2216 1396 2245 ob
1425 2221 1570 2255 aetatem,
1604 2226 1663 2247 seu
1691 2218 1731 2247 ob
1758 2219 1832 2258 styli

991 2259 1179 2298 gravitatem
1206 2259 1399 2298 praegrand'is
1428 2265 1572 2290 vocatur.
1619 2260 1714 2290 Certa
1740 2262 1832 2292 hunc

991 2311 1066 2330 cun:
1095 2302 1221 2332 duobus
1248 2302 1404 2341 praedictis
1430 2303 1548 2342 pariter
1564 2304 1734 2343 conjungit
1761 2304 1833 2335 Ho-

990 2346 1087 2374 ratius
1103 2346 1196 2374 initio
1210 2347 1274 2375 Sat.
1292 2348 1322 2375 4.
1338 2346 1391 2376 lib.
1410 2348 1439 2375 1.

1078 2388 1221 2427 Eupolis,
1256 2392 1349 2428 atque
1373 2388 1532 2427 Cratinus,
1554 2388 1845 2431 Aristophanesque·

1122 2431 1240 2470 Poetae,
1264 2433 1324 2462 διε.

992 2476 1139 2515 Tresque
1155 2476 1213 2504 hos
1226 2476 1341 2505 veteris
1358 2475 1535 2506 Comoediae
1551 2477 1724 2508 scribendae
1741 2477 1831 2509 Prin·

992 2520 1080 2558 cipes
1102 2520 1266 2549 imitatum
1291 2518 1388 2548 fuisse
1413 2520 1592 2558 Lucilium,
1629 2521 1676 2551 ait
1696 2531 1736 2551 eo
1758 2522 1833 2552 loci.

992 2562 1088 2592 Porro
1103 2572 1171 2592 non
1184 2567 1306 2591 constat
1323 2562 1462 2591 fueritne
1483 2563 1712 2603 Aristophanes
1726 2565 1831 2595 Athe-

992 2606 1122 2644 niensis,
1146 2615 1188 2635 an
1203 2604 1360 2643 Rhodius,
1383 2615 1423 2634 ati
1445 2605 1616 2645 egyptius,
1639 2617 1682 2637 an
1697 2608 1831 2639 aliunde

992 2650 1156 2679 oriundus.
1202 2647 1297 2677 Vixit
1326 2654 1471 2686 tempore
1501 2649 1676 2690 Euripidis,
1714 2653 1744 2681 &
1775 2652 1832 2682 fla·-

991 2697 1102 2731 grante
1126 2689 1270 2721 maome
1295 2691 1381 2720 bello
1404 2692 1675 2732 Peloponesiacog,
1700 2694 1832 2725 Cratino

991 2736 1146 2774 posterior
1162 2735 1271 2765 extitit
1284 2746 1289 2762 :
1315 2735 1582 2766 Atheniensium·
1592 2737 1832 2768 nobilissimum

970 2787 1159 2818 tquemque
1187 2778 1301 2806 acriter
1327 2779 1513 2817 insectatus,
1535 2780 1615 2810 mire
1642 2787 1764 2811 tarnem
1790 2781 1839 2810 ab·
1862 2777 1864 2779 ¹

992 2823 1067 2861 ipsis
1084 2821 1339 2850 Atheniensibus
1363 2827 1514 2860 acceptus
1538 2823 1754 2862 laudatusque
1770 2829 1832 2854 est.

997 2867 1045 2894 De
1072 2864 1126 2893 illo
1157 2864 1247 2893 Plato
1277 2864 1333 2902 ait,
1361 2865 1485 2895 Gratias
1511 2867 1677 2905 templum
1708 2865 1868 2905 ubique-⁴

992 2913 1185 2946 quaerentes,
1209 2906 1272 2936 hoc
1288 2907 1417 2938 tandem
1441 2908 1500 2938 sibi
1522 2910 1671 2939 statuisse
1686 2909 1721 2939 in
1737 2909 1844 2940 corde·

991 2951 1230 2989 Aristophanis.
1265 2951 1433 2990 Scripsisse
1448 2951 1549 2982 fertur
1562 2952 1745 2982 Comoedias
1759 2953 1833 2992 plus

992 2994 1242 3034 quinquaginta,
1267 2994 1285 3023 ὲ
1312 2994 1431 3033 quibus
1459 3000 1636 3034 supersunt
1662 2995 1754 3025 nobis
1784 2996 1834 3027 in*-

991 3044 1085 3076 tegrae
1110 3037 1283 3067 dumtaxat
1309 3037 1473 3068 undecim.
1518 3037 1571 3067 De
1597 3037 1742 3077 Cratino,
1766 3036 1835 3080 Eu-

991 3081 1110 3120 polide,
1128 3082 1157 3110 δι
1175 3080 1408 3121 Aristophane,
1431 3080 1720 3112 videAzhenaeum
1732 3081 1788 3112 liba
1807 3083 1836 3112 1.
