1948 3281
102 80 190 122 320

689 80 877 124 PERSII
909 79 1128 123 SATIRA
1157 80 1216 122 V.

97 169 193 200 Suam
217 168 308 200 habet
334 170 460 209 quisque
474 168 616 201 volunta·
627 169 748 211 Velle
769 185 891 211 suum
915 170 1067 225 cuique
1088 178 1165 221 est,
1196 183 1273 212 nec
1294 177 1390 211 voto
1412 167 1561 212 vivitur
1584 184 1683 211 uno.

99 218 171 251 tem,
203 223 257 242 nec
279 214 345 243 vita
370 214 490 243 ducitur
514 214 614 243 eodem

98 256 255 285 desiderio.
299 255 362 285 Ille
382 257 437 286 sub
458 257 519 286 sole
540 266 615 286 rior-o

627 227 839 268 Mercibus
862 226 930 267 hic
954 227 1069 268 Italis
1091 235 1225 270 mutat
1244 226 1320 268 sub
1343 227 1427 268 sole
1447 227 1598 268 recenti

97 298 225 329 Italim's
269 300 414 330 mercibus
451 304 613 329 commutat
629 281 844 340 Rugosum
868 283 996 347 piper,
1031 285 1071 326 δε
1094 283 1279 339 pallentis
1301 298 1426 341 grana
1447 284 1604 326 cumini
1624 300 1636 325 :

1770 280 1824 325 55

94 342 186 381 piper
214 343 398 380 scabrosum,
430 345 451 381 23
471 343 614 379 frustula
628 341 713 382 Hic
736 350 846 381 satur
867 341 1018 397 1rriguo
1039 341 1196 383 mavult
1219 350 1446 398 turgescere
1468 356 1637 394 somno3

99 385 215 414 cumini
245 386 370 425 pallidi.
440 385 505 415 Iste
541 385 616 414 cibis

98 428 315 468 ingurgitatus
356 433 442 458 amat
474 429 615 466 saginam

610 398 713 439 Hic
736 412 884 454 campo
907 398 1116 456 indulget:
1151 400 1264 440 hunc
1286 399 1370 440 alea
1391 398 1611 454 decoquit:
1645 397 1713 439 ille

99 480 201 500 somno
225 472 395 513 irrigante.-
420 471 472 500 me
499 470 614 508 Campo
629 456 679 495 Iu
700 456 905 498 Venerem
931 467 991 497 est
1014 456 1170 513 putris:
1206 456 1274 498 sed
1297 457 1396 497 cum
1413 455 1595 510 lapidosa
1614 455 1798 512 chiragra

102 513 220 544 Martio
238 515 431 549 delectatum
454 515 544 542 imm
559 513 613 543 al>-
628 513 660 554 F
663 512 806 569 regerit
822 513 1015 555 articulos
1037 513 1180 555 veteris
1203 513 1367 556 ramalia
1387 513 1486 570 fagi,

99 557 192 586 sinuit
207 558 315 587 ludus.-
340 556 388 587 hie
409 558 440 586 in
472 556 614 585 Venerem

103 604 149 629 est
163 600 288 630 solutus.
332 600 377 629 At
391 600 512 640 quando
529 598 674 640 chiragra
688 599 843 630 calculosa
858 599 983 630 solverit
1000 601 1132 631 membra
1147 602 1238 632 velut
1252 612 1350 632 ramos
1363 601 1580 642 annasaefagi,

104 788 180 814 sunt
205 784 382 814 hominum
405 784 531 815 studia:
557 784 678 815 diversa
700 794 818 825 genera
843 789 942 825 atque

103 827 252 857 instituta
268 828 352 857 vitae.

99 870 211 900 Horat.
228 871 283 899 lib.
298 871 331 907 2,
351 870 451 902 Serm.
468 870 533 900 Sat.
552 874 580 900 l.

175 911 285 942 Castor
297 915 416 954 gaudet
429 914 514 952 equis
526 925 537 948 ‚·
559 924 614 943 ovo
625 919 800 955 prognatus
812 916 913 946 eodem

173 954 304 997 Pugnis.
354 956 434 991 Quot
449 956 586 996 capitum
601 958 718 997 vivunt,
734 959 858 989 totidem
874 964 941 989 stu-

231 1000 349 1030 diorum

176 1041 298 1072 Millia.

147 1086 199 1116 53.
241 1085 325 1116 Velle
338 1096 424 1116 suum
438 1087 546 1126 cuique
561 1092 617 1125 est,
632 1087 700 1126 aira]
740 1088 799 1118 Pro
816 1088 945 1118 diversi-

102 1133 169 1159 tate
194 1130 380 1160 animorum
407 1139 443 1160 ac
460 1130 659 1168 judiciorum
685 1131 766 1161 alius
781 1132 877 1161 aliam
898 1142 944 1162 ar-

102 1178 170 1202 tem
202 1173 230 1201 &
263 1173 526 1204 exercitationem
557 1177 720 1203 sectatur:
767 1174 945 1205 Cassiodor.

103 1214 185 1248 Quot
209 1214 354 1253 homines,
379 1220 424 1245 tot
450 1217 619 1256 sententioe,
642 1219 665 1255 ‹g-
695 1217 859 1257 unicuique
883 1228 945 1249 mos

99 1268 172 1289 suus
186 1262 245 1297 est,
269 1259 383 1299 Virgil.
400 1258 500 1299 Eclog
525 1261 559 1290 2.

365 1302 472 1332 Trahit
487 1313 542 1333 sua
556 1313 701 1342 quemque
716 1303 870 1342 voluptas.

145 1343 214 1374 Nec
229 1348 298 1375 voto
312 1345 428 1375 vivitur
442 1347 516 1385 uno]
539 1347 584 1376 Ut
597 1347 726 1376 diversae
741 1353 883 1386 menteS,
899 1350 942 1379 sic

103 1387 225 1417 diversa
245 1389 377 1419 consilia
394 1391 632 1428 propositaque.
680 1390 836 1429 Lucilius,
854 1391 943 1424 Quod

101 1431 158 1460 tibi
181 1441 363 1472 magnopere
389 1433 473 1462 cordi
495 1437 553 1470 est,
576 1432 650 1462 mihi
674 1432 861 1464 vehementer
882 1435 943 1465 ‹lis-

124 1475 206 1505 licet.

95 1484 121 1513 P
145 1518 197 1547 54.
221 1518 378 1548 IlIercz'bus
394 1518 442 1547 hic
456 1517 560 1557 Italis,
583 1518 650 1558 ξω]
689 1518 832 1550 Quidam
847 1531 943 1561 nego-

101 1560 224 1591 tiantur
241 1562 327 1600 apud
352 1568 476 1592 exteras
498 1567 621 1602 gentes,
646 1563 673 1593 ἃ
691 1562 730 1592 ad
755 1572 807 1594 eas
828 1564 942 1604 depor-

101 1609 174 1633 tant
187 1613 309 1638 merces
323 1615 367 1634 ex
381 1605 482 1634 ltalia.

104 1646 218 1677 Horat.
232 1647 286 1677 lib.
302 1650 329 1677 1.
346 1647 449 1686 Epist.
466 1650 493 1677 1.

173 1688 309 1729 Impiger
321 1694 471 1720 extremos
484 1691 579 1720 currit
594 1695 743 1722 mercator
758 1693 800 1722 ad
814 1693 920 1725 Indos.

143 1732 275 1774 Mutat]
299 1735 390 1764 Ante
415 1743 511 1764 usum
535 1736 613 1773 aeris,
637 1745 692 1774 per
723 1746 829 1766 rerum
855 1748 943 1768 corn-

103 1777 325 1806 mutationem
340 1785 520 1807 mercatura
534 1778 647 1807 fiebat:
672 1778 777 1809 Testis
792 1780 873 1810 Plin.
887 1782 944 1820 qui

99 1825 292 1849 mercaturas
322 1820 341 1849 a
370 1820 476 1851 Poenis
501 1821 645 1851 inventas
670 1823 716 1851 ait
741 1823 796 1852 lib.
813 1825 841 1854 7.
868 1834 942 1864 cap.

99 1863 153 1893 56.
174 1864 202 1892 dc
219 1863 273 1892 lib.
289 1864 342 1893 33.
365 1873 436 1902 cap.
453 1866 480 1894 1.
542 1861 678 1902 Utinam,
701 1866 827 1905 inquit,
846 1871 940 1898 totum

99 1905 118 1934 ἑ
142 1906 207 1935 vita
227 1910 329 1945 posset
354 1906 493 1936 abdicari
516 1917 637 1945 aurum,
659 1909 876 1948 sacrafames3
899 1913 943 1941 ad

93 1949 260 1987 perniciem
299 1949 370 1979 εἰὶσε
400 1954 561 1988 repertum.
610 1951 765 1984 Quantum
792 1952 941 1989 feliciore

98 2002 174 2029 oevo,
197 1992 264 2021 crim
280 2001 327 2021 res
341 1994 405 2031 ipse
425 1994 684 2032 permutabantur
700 1995 780 2024 inter
794 2006 837 2034 se,
858 1998 937 2027 sicut

94 2037 122 2074 ‹3-
142 2035 283 2074 Trojanis
299 2036 691 2076 temporibusjactz'tatum‚
713 2038 845 2068 Homero
857 2041 941 2070 credi

97 2079 248 2108 convenit.
296 2078 348 2108 Ila
373 2079 465 2117 enim,
488 2083 522 2109 ut
546 2081 663 2119 opinor,
686 2083 859 2112 commercia
874 2084 939 2112 vic-

54 2155 60 2157 ,
98 2119 150 2151 tzts
173 2121 284 2162 gratia
308 2121 447 2161 ina-ente,
470 2124 520 2161 ᾀο.
568 2122 656 2164 Lege
672 2125 823 2154 Alex.ab
836 2127 936 2156 Alex.

97 2164 151 2194 lib.
171 2167 199 2193 4.
225 2174 295 2203 cap.
313 2167 362 2194 15.

142 2207 205 2237 Sub
228 2207 291 2237 sole
318 2208 444 2247 recenti]
468 2207 507 2238 In
524 2208 685 2241 Orientali
706 2210 860 2250 Regione,
884 2212 941 2241 ubi

99 2252 146 2280 sol
173 2251 440 2290 hemisphaerium
463 2252 637 2282 ascendens
661 2255 779 2283 renasci
795 2254 940 2292 quotidie

99 2295 237 2324 videtur.
281 2294 492 2324 Casaubonus
519 2294 574 2325 hic
598 2305 682 2326 unus
707 2297 938 2327 Alexandriam

100 2338 214 2367 urbem
253 2344 357 2376 notat,
396 2339 487 2376 quasi
525 2338 598 2368 inde
631 2340 766 2369 Romani
802 2341 940 2371 solerent

99 2389 219 2410 merces
248 2388 378 2420 petere:
416 2381 470 2410 sed
502 2391 568 2420 quo
594 2383 667 2421 jure
691 2384 753 2413 hoc
778 2383 937 2414 affirmat?

97 2424 190 2455 Quin
211 2424 316 2463 potius
333 2424 508 2454 Horatium
531 2425 587 2455 lib.
607 2429 633 2455 1.
652 2428 719 2457 Sat.
735 2428 765 2456 4.
813 2427 938 2457 Persius

97 2473 254 2504 imitatur,

181 2510 246 2540 Hic
268 2515 366 2541 mutat
385 2521 496 2542 merces
520 2517 666 2553 surgente
691 2515 711 2543 ἁ
726 2514 787 2542 sole
802 2514 845 2542 ad
859 2523 936 2552 eum,

225 2563 283 2591 quo

155 2628 161 2633 ⁴
186 2595 363 2634 Vespertina
379 2602 460 2636 tepet
475 2599 567 2639 regio,

141 2637 193 2667 55.
217 2638 373 2679 Rugosum
384 2640 486 2682 piper]
509 2642 607 2675 Quod
623 2643 662 2672 ab
686 2642 774 2672 Indis
798 2644 932 2682 petitur,

97 2680 188 2719 quod
204 2681 343 2721 gignunt
358 2685 651 2725 arboresjuniperis
665 2687 779 2716 nostris
802 2687 933 2724 similes,

89 2723 186 2762 ⁴quod
211 2724 229 2753 a
253 2726 320 2755 sole
351 2734 487 2757 torrente
515 2738 607 2769 rugas
636 2730 804 2760 contrahit.
852 2730 932 2760 Plin.

95 2767 217 2797 lib.12.
235 2777 306 2806 cap.
327 2770 355 2797 7.

138 2809 295 2840 Pallentz's
303 2821 407 2852 grana
421 2813 546 2851 cumini]
580 2816 790 2856 synecdoche
807 2817 934 2855 Sper-,iei

92 2861 154 2892 pro
180 2862 306 2893 genere.
362 2855 396 2885 ld
424 2863 483 2893 est,
506 2859 590 2887 varia
619 2866 759 2889 aromata
788 2860 823 2889 in
849 2859 932 2890 ludis

92 2897 271 2927 nascentia.

137 2938 309 2979 Pallentis]
345 2939 478 2980 Quippe
493 2945 699 2974 sumentibus
715 2945 868 2983 pallorem
885 2947 932 2975 in-

92 2990 239 3020 generat,
256 2989 292 3013 ut
304 2984 402 3014 habet
422 2985 499 3014 Plin.
515 2985 559 3015 lib
583 2987 625 3015 20
650 2997 717 3026 cap.
743 2991 788 3018 14.

88 3024 249 3097 ⁴lile-rcaiitius
264 3027 318 3057 lib.
333 3030 361 3058 1.
378 3026 479 3068 Epist.
502 3028 550 3060 19.
570 3028 614 3059 ita
629 3031 747 3061 stultos
760 3032 934 3063 imitatores

116 3076 157 3097 eri
183 3073 226 3098 et:

1639 784 1727 819 Quod
1737 786 1765 815 si

1061 831 1214 861 Pallerem
1228 841 1312 870 casu,
1328 831 1462 861 biberent
1477 839 1616 870 exangue
1629 829 1788 859 cuminum.

1031 874 1086 904 56.
1109 875 1172 904 Hic
1199 879 1297 912 satur,
1327 874 1392 912 ἐξα]
1428 874 1484 903 lllc
1509 874 1613 903 inhiat
1637 873 1741 911 lucro,
1769 872 1827 903 hic

988 917 1057 947 otio
1071 919 1098 948 ἀ
1113 918 1334 957 voluptatibus
1349 917 1507 956 indulget.

1030 961 1153 1001 Iri-iguo
1169 963 1285 990 mavult
1301 964 1473 1000 turgescere
1487 957 1604 997 somno]
1636 959 1777 989 Resoluti
1795 959 1823 988 dc

986 1003 1118 1042 dispersi
1133 1005 1150 1034 a
1165 1004 1294 1034 cerebro
1318 1004 1470 1033 humores
1493 1002 1596 1038 crassi,
1620 1008 1692 1041 post
1707 1011 1823 1042 crapu-

989 1047 1053 1076 lam
1071 1047 1241 1086 imprimis,
1264 1047 1417 1076 obturant
1431 1052 1568 1083 meatus,
1592 1045 1736 1075 obruunt
1751 1054 1823 1074 sen·

988 1099 1054 1128 suS‚
1079 1091 1107 1120 &
1135 1099 1290 1120 somnum
1315 1090 1451 1127 faciunt,
1479 1098 1547 1129 quo
1562 1089 1744 1128 pinguescit
1756 1097 1822 1118 cor-

991 1142 1063 1171 pus.

991 1176 1105 1216 Virgil.
1122 1175 1248 1207 AEneid.
1266 1176 1298 1205 3.

1336 1218 1440 1248 Fessos
1453 1228 1540 1257 sopor
1553 1217 1665 1259 irrigat
1676 1221 1770 1247 artus.

1032 1263 1083 1293 57.
1108 1263 1172 1294 Hic
1197 1273 1302 1302 campo
1330 1262 1482 1302 indulget]
1506 1261 1569 1291 Hie
1593 1271 1625 1291 se
1647 1261 1702 1291 dat
1723 1260 1823 1291 ambi-

987 1305 1078 1344 tioni,
1102 1308 1131 1336 ἅ
1149 1306 1327 1346 quaerendis
1351 1305 1540 1342 honoribus,
1563 1305 1621 1344 qui
1637 1304 1824 1334 obtinentur

988 1350 1016 1378 ὅ(
1033 1348 1151 1380 dantur
1168 1360 1222 1389 per
1238 1349 1386 1388 suffragia
1406 1349 1522 1387 populi
1544 1349 1578 1378 in
1596 1348 1723 1386 Campo
1739 1346 1824 1376 Mar-

985 1392 1029 1422 tio
1046 1394 1248 1433 congregati:
1275 1393 1338 1431 vel,
1361 1391 1481 1432 gaudet
1503 1390 1664 1422 exercitiis
1686 1389 1748 1420 illic
1775 1399 1825 1420 εις,

985 1437 1093 1466 suetis.

986 1478 1141 1510 Horatius
1154 1480 1192 1510 ad
1209 1479 1349 1509 Pisones.

1058 1523 1179 1554 Ludere
1193 1523 1244 1562 qui
1257 1522 1364 1560 nescit,
1387 1520 1602 1559 campestribus
1622 1519 1756 1550 abstinet
1771 1530 1821 1550 ar-

1114 1576 1182 1597 mzs.

987 1608 1151 1640 Nimirum
1171 1614 1243 1649 post
1255 1610 1372 1647 ejectos
1387 1605 1593 1646 Tarquinios,
1616 1615 1751 1645 campus
1766 1606 1822 1637 hic

987 1651 1046 1690 qui
1061 1652 1189 1683 illorum
1202 1652 1318 1689 fuerat,
1341 1650 1440 1680 Marti
1454 1657 1658 1680 consecratus
1680 1656 1738 1680 est.
1782 1650 1822 1681 In

987 1704 1026 1723 eo
1043 1695 1186 1726 Romana
1210 1705 1243 1725 se
1270 1697 1428 1733 juventus
1450 1693 1642 1730 exercebat3
1666 1691 1822 1723 ibietiam

987 1737 1188 1769 habebantur
1227 1737 1357 1769 comitia
1394 1735 1535 1766 creandis
1572 1736 1822 1776 Magistratibus.

987 1780 1054 1811 Tit.
1084 1781 1154 1812 Liv.
1185 1783 1282 1813 lib.2.
1311 1790 1381 1820 cap.
1395 1782 1424 1810 5.
1458 1779 1560 1809 Alex.
1590 1780 1630 1810 ab
1655 1779 1820 1810 Alexand.

984 1823 1039 1854 lib.
1056 1826 1086 1854 3.
1104 1835 1174 1865 cap.
1192 1827 1244 1855 23.
1450 1856 1453 1857 .

1025 1867 1107 1898 Alea
1123 1867 1289 1908 decoquit}
1308 1867 1390 1898 Rern
1412 1866 1604 1897 familiarem
1628 1865 1748 1904 exedit,
1771 1865 1819 1896 fa-

983 1912 1119 1941 cultates
1145 1913 1298 1950 absumit,
1320 1911 1453 1949 inopem
1477 1909 1589 1939 reddit.
1634 1908 1821 1939 Herodotus

983 1952 1035 1992 (ut
1053 1957 1160 1986 notavi
1176 1955 1242 1985 Sat.
1259 1957 1288 1984 3.
1311 1964 1374 1983 ver.
1387 1952 1456 1992 48.)
1468 1953 1635 1982 inventam
1647 1952 1692 1981 ait
1701 1952 1819 1991 aleam,

981 2007 1038 2035 per
1067 2008 1202 2028 annonae
1233 1997 1468 2033 difficultatem,
1499 1995 1517 2024 ὲ
1545 1995 1655 2033 Lydis,
1689 1995 1728 2024 ad
1756 1995 1821 2026 dis-

982 2040 1167 2072 cutiendam
1183 2041 1312 2071 famem.
1362 2039 1454 2069 Porro
1470 2039 1651 2068 decoctores
1665 2037 1820 2070 ‹liceban-

983 2090 1046 2120 tur,
1070 2085 1127 2122 qui
1151 2084 1226 2114 curn
1252 2082 1404 2113 solvendo
1427 2091 1495 2112 non
1516 2087 1633 2120 essent,
1656 2090 1819 2113 versuram

982 2125 1152 2156 faciebant.

982 2169 1095 2199 Horat.
1114 2170 1167 2200 lib.
1187 2172 1215 2200 1.
1233 2169 1335 2209 Epist.
1353 2169 1404 2198 18.

1072 2212 1165 2245 Quem
1189 2214 1333 2243 damnosa
1355 2212 1468 2250 Venus,
1489 2220 1576 2251 quem
1591 2220 1728 2250 praeceps
1752 2212 1820 2241 alea

1113 2257 1219 2287 nudat.

1027 2300 1077 2329 58.
1105 2299 1167 2330 Ille
1190 2300 1221 2329 in
1243 2299 1384 2330 Venerem
1398 2302 1445 2328 est
1455 2296 1576 2339 putris]
1612 2297 1760 2328 Libidine
1785 2297 1816 2329 &

983 2343 1084 2372 nimio
1101 2343 1229 2373 infamis
1253 2343 1427 2382 voluptatis
1443 2350 1504 2370 usu
1517 2342 1561 2371 sic
1576 2346 1756 2377 enervatur,
1780 2346 1818 2372 ut

983 2388 1078 2415 etiam
1098 2387 1228 2425 putidos
1240 2387 1408 2416 contrahat
1421 2384 1557 2414 morbos.
1590 2384 1816 2422 Hippocrates,

985 2429 1107 2465 Celsus,
1131 2430 1194 2459 alii.
1245 2429 1320 2459 Huc
1343 2428 1418 2458 facit
1447 2427 1533 2465 quod
1547 2427 1757 2457 Casaubonus
1786 2427 1817 2457 ἀ

980 2472 1033 2501 alii
1051 2474 1182 2511 quidam
1199 2474 1324 2512 legunt,
1348 2472 1379 2500 in
1410 2469 1440 2499 V.
1453 2479 1548 2498 nerem
1569 2473 1686 2507 patret,
1709 2469 1738 2498 id
1757 2475 1816 2507 est,

980 2517 1146 2554 putrescit.
1192 2516 1254 2545 Vel
1283 2515 1423 2553 simplex
1450 2519 1498 2542 est
1525 2512 1662 2544 imitatio
1688 2511 1816 2543 Horatii

980 2558 1036 2587 lib.
1062 2561 1085 2588 l.
1106 2560 1177 2589 Ode
1191 2559 1243 2588 36.

1067 2601 1178 2632 Omnes
1189 2603 1221 2631 in
1241 2601 1396 2631 Damalim
1404 2604 1514 2640 putres

1062 2645 1222 2683 Deporzent
1238 2645 1345 2674 oculas.

1020 2686 1176 2726 Lapirlesa
1192 2688 1350 2729 chiragra]
1385 2688 1422 2716 ‘H
1437 2686 1512 2724 ἄγρα
1527 2685 1579 2718 τῖἶς
1594 2683 1702 2726 χειρός,
1724 2686 1814 2724 quasi

978 2741 1094 2761 manus
1111 2733 1276 2761 vinculum
1294 2742 1352 2761 seu
1363 2732 1499 2768 captati·
1517 2743 1521 2760 ;
1550 2731 1679 2758 morbus
1695 2729 1810 2758 articu-

978 2774 1060 2811 laris,
1085 2784 1151 2813 quo
1179 2781 1333 2804 tenentur
1358 2782 1471 2804 manus
1487 2779 1586 2810 captae
1605 2771 1706 2801 veluti
1720 2779 1756 2801 ac
1772 2772 1813 2801 ir·

979 2819 1090 2847 rente.

1022 2861 1074 2891 59.
1100 2860 1243 2900 Fregerz't
1272 2858 1429 2896 articulos]
1466 2858 1504 2887 In
1529 2858 1667 2888 articulis
1696 2857 1813 2895 digito-

978 2914 1048 2933 rum
1067 2900 1193 2940 calculi,
1217 2905 1329 2943 lapilli,
1355 2902 1430 2932 nodi
1457 2909 1649 2940 generantur
1672 2900 1690 2930 ὲ
1705 2901 1809 2930 crassis

977 2947 1168 2976 humoribus
1186 2947 1339 2983 concreti,
1363 2945 1479 2983 quibus
1495 2946 1678 2974 cruciantur
1699 2943 1810 2973 arthri-

979 2990 1042 3019 tici.
1063 2991 1152 3029 digiti
1183 2991 1379 3028 quanc'.‹›que
1406 2988 1648 3028 distorquenvur
1679 2995 1807 3015 manus-

977 3042 1054 3070 que,
1069 3036 1096 3063 Sc
1115 3035 1203 3072 quasi
1218 3033 1417 3072 franguntur.
1451 3030 1563 3061 Horat.
1581 3038 1691 3060 autem
1706 3029 1759 3059 lib.
1774 3029 1808 3058 2.

978 3076 1043 3105 Sat.
1060 3078 1087 3107 7.
