<?xml version="1.0" encoding="UTF-8"?>
<!DOCTYPE html PUBLIC "-//W3C//DTD XHTML 1.0 Transitional//EN"
    "http://www.w3.org/TR/xhtml1/DTD/xhtml1-transitional.dtd">
<html xmlns="http://www.w3.org/1999/xhtml" xml:lang="en" lang="en">
 <head>
  <title>
</title>
<meta http-equiv="Content-Type" content="text/html;charset=utf-8" />
  <meta name='ocr-system' content='tesseract 3.04.00' />
  <meta name='ocr-capabilities' content='ocr_page ocr_carea ocr_par ocr_line ocrx_word'/>
</head>
<body>
  <div class='ocr_page' id='page_1' title='image "./djuniijuvenalis00juveuoft/djuniijuvenalis00juveuoft_0095.png"; bbox 0 0 1948 3281; ppageno 0'>
   <div class='ocr_carea' id='block_1_1' title="bbox 618 34 1307 80">
    <p class='ocr_par' dir='ltr' id='par_1_1' title="bbox 618 34 1307 80">
     <span class='ocr_line' id='line_1_1' title="bbox 618 34 1307 80; baseline -0.004 0"><span class='ocrx_word' id='word_1_1' title='bbox 618 36 645 80; x_wconf 83' lang='lat' dir='ltr'>J</span> <span class='ocrx_word' id='word_1_2' title='bbox 648 34 953 79; x_wconf 89' lang='lat' dir='ltr'><strong>UVENALIS</strong></span> <span class='ocrx_word' id='word_1_3' title='bbox 986 34 1199 78; x_wconf 89' lang='lat' dir='ltr'><strong>SATIRA</strong></span> <span class='ocrx_word' id='word_1_4' title='bbox 1229 36 1307 79; x_wconf 88' lang='lat' dir='ltr'>IV.</span> 
     </span>
    </p>
   </div>
   <div class='ocr_carea' id='block_1_2' title="bbox 114 125 1813 354">
    <p class='ocr_par' dir='ltr' id='par_1_2' title="bbox 114 125 1813 354">
     <span class='ocr_line' id='line_1_2' title="bbox 114 125 1134 173; baseline -0.005 -1"><span class='ocrx_word' id='word_1_5' title='bbox 114 129 195 173; x_wconf 85' lang='lat' dir='ltr'>Sed</span> <span class='ocrx_word' id='word_1_6' title='bbox 212 141 321 171; x_wconf 85' lang='lat' dir='ltr'>nunc</span> <span class='ocrx_word' id='word_1_7' title='bbox 343 126 391 168; x_wconf 85' lang='lat' dir='ltr'>de</span> <span class='ocrx_word' id='word_1_8' title='bbox 412 125 525 168; x_wconf 86' lang='lat' dir='ltr'>factis</span> <span class='ocrx_word' id='word_1_9' title='bbox 545 125 784 167; x_wconf 84' lang='lat' dir='ltr'>levioribus:</span> <span class='ocrx_word' id='word_1_10' title='bbox 822 126 859 167; x_wconf 64' lang='grc' dir='ltr'>δε</span> <span class='ocrx_word' id='word_1_11' title='bbox 881 134 1015 168; x_wconf 83' lang='lat' dir='ltr'>tamen</span> <span class='ocrx_word' id='word_1_12' title='bbox 1037 126 1134 167; x_wconf 84' lang='lat' dir='ltr'>alter</span> 
     </span>
     <span class='ocr_line' id='line_1_3' title="bbox 116 183 1115 239; baseline -0.003 -11"><span class='ocrx_word' id='word_1_13' title='bbox 116 188 160 228; x_wconf 80' lang='lat' dir='ltr'>Si</span> <span class='ocrx_word' id='word_1_14' title='bbox 182 186 338 227; x_wconf 83' lang='lat' dir='ltr'>fecisset</span> <span class='ocrx_word' id='word_1_15' title='bbox 360 184 481 232; x_wconf 80' lang='lat' dir='ltr'>idem,</span> <span class='ocrx_word' id='word_1_16' title='bbox 505 185 659 224; x_wconf 85' lang='lat' dir='ltr'>caderet</span> <span class='ocrx_word' id='word_1_17' title='bbox 683 183 910 239; x_wconf 78' lang='lat' dir='ltr'>subjudice</span> <span class='ocrx_word' id='word_1_18' title='bbox 938 197 1115 225; x_wconf 89' lang='lat' dir='ltr'>morum.</span> 
     </span>
     <span class='ocr_line' id='line_1_4' title="bbox 115 240 1197 296; baseline -0.004 -12"><span class='ocrx_word' id='word_1_19' title='bbox 115 244 227 285; x_wconf 86' lang='lat' dir='ltr'>Nam</span> <span class='ocrx_word' id='word_1_20' title='bbox 249 242 357 296; x_wconf 91' lang='lat' dir='ltr'>quod</span> <span class='ocrx_word' id='word_1_21' title='bbox 381 251 493 294; x_wconf 81' lang='lat' dir='ltr'>turpe</span> <span class='ocrx_word' id='word_1_22' title='bbox 515 241 648 290; x_wconf 86' lang='lat' dir='ltr'>bonis,</span> <span class='ocrx_word' id='word_1_23' title='bbox 671 240 796 290; x_wconf 81' lang='lat' dir='ltr'>Titio,</span> <span class='ocrx_word' id='word_1_24' title='bbox 820 240 1009 295; x_wconf 87' lang='lat' dir='ltr'>Seioque,</span> <span class='ocrx_word' id='word_1_25' title='bbox 1033 240 1197 282; x_wconf 85' lang='lat' dir='ltr'><strong>decebat</strong></span> 
     </span>
     <span class='ocr_line' id='line_1_5' title="bbox 431 296 1813 354; baseline 0.002 -17"><span class='ocrx_word' id='word_1_26' title='bbox 431 298 542 354; x_wconf 66' lang='lat' dir='ltr'>Quid</span> <span class='ocrx_word' id='word_1_27' title='bbox 566 313 673 353; x_wconf 80' lang='lat' dir='ltr'>agas,</span> <span class='ocrx_word' id='word_1_28' title='bbox 696 299 793 338; x_wconf 79' lang='lat' dir='ltr'>cum</span> <span class='ocrx_word' id='word_1_29' title='bbox 817 297 901 338; x_wconf 81' lang='lat' dir='ltr'>dira</span> <span class='ocrx_word' id='word_1_30' title='bbox 922 298 962 338; x_wconf 87' lang='lat'>&amp;</span> <span class='ocrx_word' id='word_1_31' title='bbox 981 297 1128 338; x_wconf 85' lang='lat' dir='ltr'>foedior</span> <span class='ocrx_word' id='word_1_32' title='bbox 1148 296 1262 339; x_wconf 85' lang='lat' dir='ltr'>omni</span> <span class='ocrx_word' id='word_1_33' title='bbox 1308 301 1466 331; x_wconf 63' lang='lat' dir='ltr'>Enimz-er&amp;</span> <span class='ocrx_word' id='word_1_34' title='bbox 1480 302 1746 340; x_wconf 58' lang='lat' dir='ltr'>quicquidz&#39;qfhme</span> <span class='ocrx_word' id='word_1_35' title='bbox 1762 304 1813 332; x_wconf 81' lang='lat' dir='ltr'>Ti-</span> 
     </span>
    </p>
   </div>
   <div class='ocr_carea' id='block_1_3' title="bbox 119 299 372 352">
    <p class='ocr_par' dir='ltr' id='par_1_3' title="bbox 119 299 372 352">
     <span class='ocr_line' id='line_1_6' title="bbox 119 299 372 352; baseline -0.012 -12"><span class='ocrx_word' id='word_1_36' title='bbox 119 299 372 352; x_wconf 84' lang='lat' dir='ltr'>Crispinum.</span> 
     </span>
    </p>
   </div>
   <div class='ocr_carea' id='block_1_4' title="bbox 117 354 1235 750">
    <p class='ocr_par' dir='ltr' id='par_1_4' title="bbox 117 354 1235 466">
     <span class='ocr_line' id='line_1_7' title="bbox 118 354 1235 407; baseline -0.001 -11"><span class='ocrx_word' id='word_1_37' title='bbox 118 356 302 397; x_wconf 88' lang='lat' dir='ltr'>Crimme</span> <span class='ocrx_word' id='word_1_38' title='bbox 326 369 492 407; x_wconf 78' lang='lat' dir='ltr'>persona</span> <span class='ocrx_word' id='word_1_39' title='bbox 513 364 571 395; x_wconf 88' lang='lat' dir='ltr'>est</span> <span class='ocrx_word' id='word_1_40' title='bbox 590 357 602 395; x_wconf 88' lang='lat'>?</span> <span class='ocrx_word' id='word_1_41' title='bbox 636 354 812 395; x_wconf 88' lang='lat' dir='ltr'>mullum</span> <span class='ocrx_word' id='word_1_42' title='bbox 835 369 903 395; x_wconf 87' lang='lat' dir='ltr'>sex</span> <span class='ocrx_word' id='word_1_43' title='bbox 926 354 1104 396; x_wconf 84' lang='lat' dir='ltr'>millibus</span> <span class='ocrx_word' id='word_1_44' title='bbox 1120 354 1235 407; x_wconf 87' lang='lat' dir='ltr'>emit,</span> 
     </span>
     <span class='ocr_line' id='line_1_8' title="bbox 117 410 1009 466; baseline -0.002 -12"><span class='ocrx_word' id='word_1_45' title='bbox 117 413 370 466; x_wconf 82' lang='lat' dir='ltr'>AEquamem</span> <span class='ocrx_word' id='word_1_46' title='bbox 390 412 483 451; x_wconf 79' lang='lat' dir='ltr'>sane</span> <span class='ocrx_word' id='word_1_47' title='bbox 509 411 664 466; x_wconf 84' lang='lat' dir='ltr'>paribus</span> <span class='ocrx_word' id='word_1_48' title='bbox 688 410 864 452; x_wconf 82' lang='lat' dir='ltr'>sestertia</span> <span class='ocrx_word' id='word_1_49' title='bbox 885 410 1009 462; x_wconf 88' lang='lat' dir='ltr'>libris,</span> 
     </span>
    </p>

    <p class='ocr_par' dir='ltr' id='par_1_5' title="bbox 120 467 1202 693">
     <span class='ocr_line' id='line_1_9' title="bbox 120 467 1202 524; baseline 0.003 -15"><span class='ocrx_word' id='word_1_50' title='bbox 120 469 180 509; x_wconf 82' lang='lat' dir='ltr'>Ut</span> <span class='ocrx_word' id='word_1_51' title='bbox 204 468 425 521; x_wconf 67' lang='lat' dir='ltr'>perbibent,</span> <span class='ocrx_word' id='word_1_52' title='bbox 449 469 517 523; x_wconf 81' lang='lat' dir='ltr'>qui</span> <span class='ocrx_word' id='word_1_53' title='bbox 542 469 588 509; x_wconf 91' lang='lat' dir='ltr'>de</span> <span class='ocrx_word' id='word_1_54' title='bbox 610 467 769 524; x_wconf 86' lang='lat' dir='ltr'>magnis</span> <span class='ocrx_word' id='word_1_55' title='bbox 792 468 943 523; x_wconf 84' lang='lat' dir='ltr'>majora</span> <span class='ocrx_word' id='word_1_56' title='bbox 963 468 1202 524; x_wconf 87' lang='lat' dir='ltr'>loquuntur.</span> 
     </span>
     <span class='ocr_line' id='line_1_10' title="bbox 120 524 1070 574; baseline 0.002 -10"><span class='ocrx_word' id='word_1_57' title='bbox 120 524 350 564; x_wconf 78' lang='lat' dir='ltr'>Consilium</span> <span class='ocrx_word' id='word_1_58' title='bbox 377 525 493 565; x_wconf 88' lang='lat' dir='ltr'>laudo</span> <span class='ocrx_word' id='word_1_59' title='bbox 517 525 692 574; x_wconf 81' lang='lat' dir='ltr'>artificis,</span> <span class='ocrx_word' id='word_1_60' title='bbox 717 525 748 565; x_wconf 87' lang='lat' dir='ltr'>si</span> <span class='ocrx_word' id='word_1_61' title='bbox 770 539 935 565; x_wconf 86' lang='lat' dir='ltr'>munere</span> <span class='ocrx_word' id='word_1_62' title='bbox 957 534 1070 566; x_wconf 88' lang='lat' dir='ltr'>tanto</span> 
     </span>
     <span class='ocr_line' id='line_1_11' title="bbox 120 581 1190 634; baseline 0.003 -13"><span class='ocrx_word' id='word_1_63' title='bbox 120 581 374 634; x_wconf 84' lang='lat' dir='ltr'>Praecipuam</span> <span class='ocrx_word' id='word_1_64' title='bbox 398 582 437 621; x_wconf 81' lang='lat' dir='ltr'>in</span> <span class='ocrx_word' id='word_1_65' title='bbox 461 582 605 622; x_wconf 77' lang='lat' dir='ltr'>tabulis</span> <span class='ocrx_word' id='word_1_66' title='bbox 629 596 758 622; x_wconf 85' lang='lat' dir='ltr'>ceram</span> <span class='ocrx_word' id='word_1_67' title='bbox 782 582 887 622; x_wconf 86' lang='lat' dir='ltr'>senis</span> <span class='ocrx_word' id='word_1_68' title='bbox 904 581 1069 623; x_wconf 86' lang='lat' dir='ltr'>abstulit</span> <span class='ocrx_word' id='word_1_69' title='bbox 1088 582 1190 624; x_wconf 88' lang='lat' dir='ltr'>orbi.</span> 
     </span>
     <span class='ocr_line' id='line_1_12' title="bbox 120 638 1064 693; baseline 0.002 -15"><span class='ocrx_word' id='word_1_70' title='bbox 120 638 196 678; x_wconf 78' lang='lat' dir='ltr'>Est</span> <span class='ocrx_word' id='word_1_71' title='bbox 218 638 316 677; x_wconf 82' lang='lat' dir='ltr'>ratio</span> <span class='ocrx_word' id='word_1_72' title='bbox 341 638 515 688; x_wconf 77' lang='lat' dir='ltr'>ulterior,</span> <span class='ocrx_word' id='word_1_73' title='bbox 537 653 697 693; x_wconf 86' lang='lat' dir='ltr'>magnae</span> <span class='ocrx_word' id='word_1_74' title='bbox 720 639 752 679; x_wconf 91' lang='lat' dir='ltr'>si</span> <span class='ocrx_word' id='word_1_75' title='bbox 773 638 884 679; x_wconf 89' lang='lat' dir='ltr'>misit</span> <span class='ocrx_word' id='word_1_76' title='bbox 905 639 1064 690; x_wconf 84' lang='lat' dir='ltr'>amicae,</span> 
     </span>
    </p>

    <p class='ocr_par' dir='ltr' id='par_1_6' title="bbox 120 694 1117 750">
     <span class='ocr_line' id='line_1_13' title="bbox 120 694 1117 750; baseline 0.002 -17"><span class='ocrx_word' id='word_1_77' title='bbox 120 695 228 750; x_wconf 68' lang='lat' dir='ltr'>Quae</span> <span class='ocrx_word' id='word_1_78' title='bbox 252 694 407 734; x_wconf 77' lang='lat' dir='ltr'>vehitur</span> <span class='ocrx_word' id='word_1_79' title='bbox 428 695 563 736; x_wconf 89' lang='lat' dir='ltr'>clauso</span> <span class='ocrx_word' id='word_1_80' title='bbox 586 695 672 735; x_wconf 86' lang='lat' dir='ltr'>latis</span> <span class='ocrx_word' id='word_1_81' title='bbox 696 694 965 749; x_wconf 80' lang='lat' dir='ltr'>specularibus</span> <span class='ocrx_word' id='word_1_82' title='bbox 987 704 1117 737; x_wconf 85' lang='lat' dir='ltr'>antro.</span> 
     </span>
    </p>
   </div>
   <div class='ocr_carea' id='block_1_5' title="bbox 643 751 1816 852">
    <p class='ocr_par' dir='ltr' id='par_1_7' title="bbox 643 751 1816 852">
     <span class='ocr_line' id='line_1_14' title="bbox 830 751 1187 804; baseline 0.011 -13"><span class='ocrx_word' id='word_1_83' title='bbox 830 752 966 792; x_wconf 83' lang='lat' dir='ltr'>Multa</span> <span class='ocrx_word' id='word_1_84' title='bbox 987 751 1187 804; x_wconf 84' lang='lat' dir='ltr'>videmus,</span> 
     </span>
     <span class='ocr_line' id='line_1_15' title="bbox 643 810 1816 852; baseline 0.003 -14"><span class='ocrx_word' id='word_1_85' title='bbox 643 810 769 838; x_wconf 73' lang='lat' dir='ltr'>Accedit</span> <span class='ocrx_word' id='word_1_86' title='bbox 792 820 881 839; x_wconf 76' lang='lat' dir='ltr'>causa</span> <span class='ocrx_word' id='word_1_87' title='bbox 895 811 1002 847; x_wconf 77' lang='lat' dir='ltr'>major,</span> <span class='ocrx_word' id='word_1_88' title='bbox 1017 811 1044 839; x_wconf 79' lang='lat' dir='ltr'>si</span> <span class='ocrx_word' id='word_1_89' title='bbox 1054 812 1175 849; x_wconf 77' lang='lat' dir='ltr'>potenti</span> <span class='ocrx_word' id='word_1_90' title='bbox 1189 811 1310 840; x_wconf 73' lang='lat' dir='ltr'>‹lenm-it</span> <span class='ocrx_word' id='word_1_91' title='bbox 1327 814 1457 851; x_wconf 54' lang='lat' dir='ltr'>animm,</span> <span class='ocrx_word' id='word_1_92' title='bbox 1473 823 1538 852; x_wconf 47' lang='lat' dir='ltr'>quse</span> <span class='ocrx_word' id='word_1_93' title='bbox 1557 817 1698 852; x_wconf 73' lang='lat' dir='ltr'>gestatur</span> <span class='ocrx_word' id='word_1_94' title='bbox 1712 818 1816 851; x_wconf 79' lang='lat' dir='ltr'>operto</span> 
     </span>
    </p>
   </div>
   <div class='ocr_carea' id='block_1_6' title="bbox 119 750 769 838">
    <p class='ocr_par' dir='ltr' id='par_1_8' title="bbox 119 750 769 838">
     <span class='ocr_line' id='line_1_16' title="bbox 120 750 769 804; baseline -0.002 -12"><span class='ocrx_word' id='word_1_95' title='bbox 120 750 193 792; x_wconf 87' lang='lat' dir='ltr'>Nil</span> <span class='ocrx_word' id='word_1_96' title='bbox 220 751 294 791; x_wconf 75' lang='lat' dir='ltr'>tale</span> <span class='ocrx_word' id='word_1_97' title='bbox 316 762 498 804; x_wconf 83' lang='lat' dir='ltr'>expectes</span> <span class='ocrx_word' id='word_1_98' title='bbox 518 767 527 792; x_wconf 75' lang='lat' dir='ltr'>t</span> <span class='ocrx_word' id='word_1_99' title='bbox 561 751 658 792; x_wconf 85' lang='lat' dir='ltr'>emit</span> <span class='ocrx_word' id='word_1_100' title='bbox 680 751 769 791; x_wconf 87' lang='lat' dir='ltr'>sibi.</span> 
     </span>
     <span class='ocr_line' id='line_1_17' title="bbox 119 809 600 838; baseline 0.002 -2"><span class='ocrx_word' id='word_1_101' title='bbox 119 818 172 837; x_wconf 79' lang='lat' dir='ltr'>ras</span> <span class='ocrx_word' id='word_1_102' title='bbox 187 809 216 837; x_wconf 82' lang='lat' dir='ltr'>in</span> <span class='ocrx_word' id='word_1_103' title='bbox 233 809 369 838; x_wconf 77' lang='lat' dir='ltr'><em>codicillo</em></span> <span class='ocrx_word' id='word_1_104' title='bbox 385 811 478 838; x_wconf 66' lang='lat' dir='ltr'>vesuli</span> <span class='ocrx_word' id='word_1_105' title='bbox 494 809 600 838; x_wconf 80' lang='lat' dir='ltr'>orbati.</span> 
     </span>
    </p>
   </div>
   <div class='ocr_carea' id='block_1_7' title="bbox 1747 34 1803 87">
    <p class='ocr_par' dir='ltr' id='par_1_9' title="bbox 1747 34 1803 87">
     <span class='ocr_line' id='line_1_18' title="bbox 1747 34 1803 87; baseline 0.107 -6"><span class='ocrx_word' id='word_1_106' title='bbox 1747 34 1803 87; x_wconf 80' lang='lat'>57</span> 
     </span>
    </p>
   </div>
   <div class='ocr_carea' id='block_1_8' title="bbox 1302 130 1811 295">
    <p class='ocr_par' dir='ltr' id='par_1_10' title="bbox 1302 130 1811 295">
     <span class='ocr_line' id='line_1_19' title="bbox 1307 130 1808 168; baseline 0.012 -9"><span class='ocrx_word' id='word_1_107' title='bbox 1307 130 1411 161; x_wconf 62' lang='lat' dir='ltr'>Vei-iim</span> <span class='ocrx_word' id='word_1_108' title='bbox 1426 131 1462 160; x_wconf 80' lang='lat' dir='ltr'>cle</span> <span class='ocrx_word' id='word_1_109' title='bbox 1476 130 1604 161; x_wconf 74' lang='lat' dir='ltr'>minimis</span> <span class='ocrx_word' id='word_1_110' title='bbox 1615 132 1808 168; x_wconf 69' lang='lat' dir='ltr'>facinoribus</span> 
     </span>
     <span class='ocr_line' id='line_1_20' title="bbox 1302 173 1810 207; baseline 0.01 -5"><span class='ocrx_word' id='word_1_111' title='bbox 1302 175 1396 202; x_wconf 60' lang='lat' dir='ltr'>moda.</span> <span class='ocrx_word' id='word_1_112' title='bbox 1425 175 1472 204; x_wconf 78' lang='lat' dir='ltr'>Ac</span> <span class='ocrx_word' id='word_1_113' title='bbox 1487 173 1677 205; x_wconf 60' lang='lat' dir='ltr'>nihilominus</span> <span class='ocrx_word' id='word_1_114' title='bbox 1689 178 1714 205; x_wconf 71' lang='lat' dir='ltr'>si</span> <span class='ocrx_word' id='word_1_115' title='bbox 1728 178 1810 207; x_wconf 66' lang='lat' dir='ltr'>tilius</span> 
     </span>
     <span class='ocr_line' id='line_1_21' title="bbox 1304 216 1809 258; baseline 0.008 -14"><span class='ocrx_word' id='word_1_116' title='bbox 1304 216 1400 245; x_wconf 75' lang='lat' dir='ltr'>simile</span> <span class='ocrx_word' id='word_1_117' title='bbox 1416 217 1582 255; x_wconf 80' lang='lat' dir='ltr'>quidpiam</span> <span class='ocrx_word' id='word_1_118' title='bbox 1594 219 1809 258; x_wconf 57' lang='lat' dir='ltr'>perpetrasset,</span> 
     </span>
     <span class='ocr_line' id='line_1_22' title="bbox 1307 260 1811 295; baseline 0.006 -8"><span class='ocrx_word' id='word_1_119' title='bbox 1307 260 1544 295; x_wconf 63' lang='lat' dir='ltr'>obnoaeiussbret</span> <span class='ocrx_word' id='word_1_120' title='bbox 1555 268 1666 288; x_wconf 65' lang='lat' dir='ltr'>mamm</span> <span class='ocrx_word' id='word_1_121' title='bbox 1679 262 1690 287; x_wconf 85' lang='lat'><strong>(</strong></span> <span class='ocrx_word' id='word_1_122' title='bbox 1699 263 1811 291; x_wconf 82' lang='lat' dir='ltr'>&#39;ensorz&#39;.</span> 
     </span>
    </p>
   </div>
   <div class='ocr_carea' id='block_1_9' title="bbox 1242 344 1818 809">
    <p class='ocr_par' dir='ltr' id='par_1_11' title="bbox 1242 344 1818 809">
     <span class='ocr_line' id='line_1_23' title="bbox 1309 344 1812 384; baseline 0.002 -12"><span class='ocrx_word' id='word_1_123' title='bbox 1309 345 1364 382; x_wconf 82' lang='lat' dir='ltr'>tio,</span> <span class='ocrx_word' id='word_1_124' title='bbox 1391 346 1414 382; x_wconf 59' lang='grc' dir='ltr'>ὃς</span> <span class='ocrx_word' id='word_1_125' title='bbox 1443 344 1521 381; x_wconf 80' lang='lat' dir='ltr'>Seio,</span> <span class='ocrx_word' id='word_1_126' title='bbox 1542 345 1656 383; x_wconf 76' lang='lat' dir='ltr'>probis,</span> <span class='ocrx_word' id='word_1_127' title='bbox 1686 346 1716 374; x_wconf 84' lang='lat' dir='ltr'>id</span> <span class='ocrx_word' id='word_1_128' title='bbox 1739 346 1812 384; x_wconf 75' lang='lat' dir='ltr'>pul-</span> 
     </span>
     <span class='ocr_line' id='line_1_24' title="bbox 1309 386 1812 426; baseline 0.002 -10"><span class='ocrx_word' id='word_1_129' title='bbox 1309 387 1410 416; x_wconf 76' lang='lat' dir='ltr'>chrum</span> <span class='ocrx_word' id='word_1_130' title='bbox 1428 386 1575 426; x_wconf 63' lang='lat' dir='ltr'>Crispina</span> <span class='ocrx_word' id='word_1_131' title='bbox 1622 387 1744 425; x_wconf 80' lang='lat' dir='ltr'>Ecquid</span> <span class='ocrx_word' id='word_1_132' title='bbox 1754 389 1812 424; x_wconf 77' lang='lat' dir='ltr'>fiz-</span> 
     </span>
     <span class='ocr_line' id='line_1_25' title="bbox 1244 412 1812 468; baseline 0.002 -10"><span class='ocrx_word' id='word_1_133' title='bbox 1244 412 1292 453; x_wconf 75' lang='grc'>16</span> <span class='ocrx_word' id='word_1_134' title='bbox 1310 430 1384 468; x_wconf 81' lang='lat' dir='ltr'>cias,</span> <span class='ocrx_word' id='word_1_135' title='bbox 1413 431 1531 468; x_wconf 68' lang='lat' dir='ltr'>quando*</span> <span class='ocrx_word' id='word_1_136' title='bbox 1566 430 1702 459; x_wconf 74' lang='lat' dir='ltr'>immanis</span> <span class='ocrx_word' id='word_1_137' title='bbox 1728 430 1812 460; x_wconf 85' lang='lat' dir='ltr'>lwmo</span> 
     </span>
     <span class='ocr_line' id='line_1_26' title="bbox 1311 472 1814 511; baseline 0.002 -10"><span class='ocrx_word' id='word_1_138' title='bbox 1311 476 1368 510; x_wconf 81' lang='lat' dir='ltr'>est,</span> <span class='ocrx_word' id='word_1_139' title='bbox 1390 482 1428 502; x_wconf 80' lang='lat' dir='ltr'>ac</span> <span class='ocrx_word' id='word_1_140' title='bbox 1455 472 1570 511; x_wconf 70' lang='lat' dir='ltr'>turpior</span> <span class='ocrx_word' id='word_1_141' title='bbox 1592 472 1725 510; x_wconf 76' lang='lat' dir='ltr'>quolibet</span> <span class='ocrx_word' id='word_1_142' title='bbox 1748 484 1814 502; x_wconf 77' lang='lat' dir='ltr'>sce-</span> 
     </span>
     <span class='ocr_line' id='line_1_27' title="bbox 1312 513 1814 545; baseline 0.004 -2"><span class='ocrx_word' id='word_1_143' title='bbox 1312 514 1399 544; x_wconf 75' lang='lat' dir='ltr'>lere?</span> <span class='ocrx_word' id='word_1_144' title='bbox 1424 513 1592 544; x_wconf 75' lang='lat' dir='ltr'>Bar-bulum</span> <span class='ocrx_word' id='word_1_145' title='bbox 1615 525 1667 544; x_wconf 57' lang='lat' dir='ltr'>sea·</span> <span class='ocrx_word' id='word_1_146' title='bbox 1683 515 1814 545; x_wconf 73' lang='lat' dir='ltr'>millibus</span> 
     </span>
     <span class='ocr_line' id='line_1_28' title="bbox 1311 558 1814 595; baseline 0.002 -9"><span class='ocrx_word' id='word_1_147' title='bbox 1311 561 1460 587; x_wconf 76' lang='lat' dir='ltr'>mercatus</span> <span class='ocrx_word' id='word_1_148' title='bbox 1507 562 1561 595; x_wconf 77' lang='lat' dir='ltr'>est,</span> <span class='ocrx_word' id='word_1_149' title='bbox 1606 558 1814 595; x_wconf 66' lang='lat' dir='ltr'>acloequczntem</span> 
     </span>
     <span class='ocr_line' id='line_1_29' title="bbox 1312 600 1815 639; baseline 0.002 -11"><span class='ocrx_word' id='word_1_150' title='bbox 1312 601 1392 628; x_wconf 73' lang='grc' dir='ltr'><em>σει-[ὲ</em></span> <span class='ocrx_word' id='word_1_151' title='bbox 1405 600 1542 629; x_wconf 63' lang='lat' dir='ltr'>sestertia</span> <span class='ocrx_word' id='word_1_152' title='bbox 1557 600 1679 628; x_wconf 65' lang='lat' dir='ltr'>totidem</span> <span class='ocrx_word' id='word_1_153' title='bbox 1690 600 1815 639; x_wconf 63' lang='lat' dir='ltr'>libellis,</span> 
     </span>
     <span class='ocr_line' id='line_1_30' title="bbox 1242 640 1815 681; baseline 0.003 -11"><span class='ocrx_word' id='word_1_154' title='bbox 1242 640 1296 681; x_wconf 85' lang='lat'>20</span> <span class='ocrx_word' id='word_1_155' title='bbox 1313 643 1389 671; x_wconf 65' lang='lat' dir='ltr'>sicut</span> <span class='ocrx_word' id='word_1_156' title='bbox 1406 647 1556 671; x_wconf 76' lang='lat' dir='ltr'>testantur</span> <span class='ocrx_word' id='word_1_157' title='bbox 1570 643 1621 681; x_wconf 82' lang='lat' dir='ltr'>qui</span> <span class='ocrx_word' id='word_1_158' title='bbox 1637 644 1672 671; x_wconf 78' lang='lat' dir='ltr'>{le</span> <span class='ocrx_word' id='word_1_159' title='bbox 1682 644 1815 681; x_wconf 74' lang='lat' dir='ltr'>grandi-</span> 
     </span>
     <span class='ocr_line' id='line_1_31' title="bbox 1313 685 1814 725; baseline 0.004 -12"><span class='ocrx_word' id='word_1_160' title='bbox 1313 685 1712 725; x_wconf 63' lang='lat' dir='ltr'>bux·grandiorajactilant.</span> <span class='ocrx_word' id='word_1_161' title='bbox 1739 685 1814 724; x_wconf 80' lang='lat' dir='ltr'>Opi-</span> 
     </span>
     <span class='ocr_line' id='line_1_32' title="bbox 1303 727 1816 766; baseline 0.006 -11"><span class='ocrx_word' id='word_1_162' title='bbox 1303 727 1376 763; x_wconf 76' lang='lat' dir='ltr'>ficis</span> <span class='ocrx_word' id='word_1_163' title='bbox 1392 732 1516 757; x_wconf 75' lang='lat' dir='ltr'>mentem</span> <span class='ocrx_word' id='word_1_164' title='bbox 1539 728 1681 766; x_wconf 75' lang='lat' dir='ltr'>approbo,</span> <span class='ocrx_word' id='word_1_165' title='bbox 1703 728 1730 757; x_wconf 75' lang='lat' dir='ltr'>si</span> <span class='ocrx_word' id='word_1_166' title='bbox 1753 733 1816 758; x_wconf 77' lang='lat' dir='ltr'>tam</span> 
     </span>
     <span class='ocr_line' id='line_1_33' title="bbox 1309 771 1818 809; baseline 0.002 -11"><span class='ocrx_word' id='word_1_167' title='bbox 1309 771 1401 809; x_wconf 72' lang='lat' dir='ltr'>gravi</span> <span class='ocrx_word' id='word_1_168' title='bbox 1415 772 1490 799; x_wconf 75' lang='lat' dir='ltr'>dono</span> <span class='ocrx_word' id='word_1_169' title='bbox 1513 772 1619 800; x_wconf 77' lang='lat' dir='ltr'>meruit</span> <span class='ocrx_word' id='word_1_170' title='bbox 1639 771 1755 808; x_wconf 71' lang='lat' dir='ltr'>primas</span> <span class='ocrx_word' id='word_1_171' title='bbox 1770 780 1818 800; x_wconf 78' lang='lat' dir='ltr'>ce-</span> 
     </span>
    </p>
   </div>
   <div class='ocr_carea' id='block_1_10' title="bbox 122 851 1819 893">
    <p class='ocr_par' dir='ltr' id='par_1_12' title="bbox 122 851 1819 893">
     <span class='ocr_line' id='line_1_34' title="bbox 122 851 1819 893; baseline 0.003 -13"><span class='ocrx_word' id='word_1_172' title='bbox 122 860 211 889; x_wconf 65' lang='lat' dir='ltr'>specu</span> <span class='ocrx_word' id='word_1_173' title='bbox 220 851 540 892; x_wconf 71' lang='lat' dir='ltr'>grarzdibussenestris</span> <span class='ocrx_word' id='word_1_174' title='bbox 552 852 662 881; x_wconf 74' lang='lat' dir='ltr'>vitreis.</span> <span class='ocrx_word' id='word_1_175' title='bbox 684 852 774 881; x_wconf 62' lang='lat' dir='ltr'>Nihil</span> <span class='ocrx_word' id='word_1_176' title='bbox 784 853 930 891; x_wconf 77' lang='lat' dir='ltr'>ejusmodi</span> <span class='ocrx_word' id='word_1_177' title='bbox 940 863 1037 890; x_wconf 73' lang='lat' dir='ltr'>spem.</span> <span class='ocrx_word' id='word_1_178' title='bbox 1059 854 1194 891; x_wconf 64' lang='lat' dir='ltr'>sibimet,</span> <span class='ocrx_word' id='word_1_179' title='bbox 1209 855 1273 893; x_wconf 80' lang='lat' dir='ltr'>ipse</span> <span class='ocrx_word' id='word_1_180' title='bbox 1284 859 1430 884; x_wconf 75' lang='lat' dir='ltr'>mercatus</span> <span class='ocrx_word' id='word_1_181' title='bbox 1443 862 1498 885; x_wconf 79' lang='lat' dir='ltr'>est.</span> <span class='ocrx_word' id='word_1_182' title='bbox 1524 856 1660 885; x_wconf 84' lang='lat' dir='ltr'>Plurima</span> <span class='ocrx_word' id='word_1_183' title='bbox 1671 856 1819 886; x_wconf 72' lang='lat' dir='ltr'>cernimus</span> 
     </span>
    </p>
   </div>
   <div class='ocr_carea' id='block_1_11' title="bbox 902 921 1029 929">
    <p class='ocr_par' dir='ltr' id='par_1_13' title="bbox 902 921 1029 929">
     <span class='ocr_line' id='line_1_35' title="bbox 902 921 1029 929; baseline 0 2352"><span class='ocrx_word' id='word_1_184' title='bbox 902 921 1029 929; x_wconf 95' lang='lat' dir='ltr'> </span> 
     </span>
    </p>
   </div>
   <div class='ocr_carea' id='block_1_12' title="bbox 122 959 954 3042">
    <p class='ocr_par' dir='ltr' id='par_1_14' title="bbox 123 959 947 1041">
     <span class='ocr_line' id='line_1_36' title="bbox 169 959 947 998; baseline 0.001 -10"><span class='ocrx_word' id='word_1_185' title='bbox 169 961 218 988; x_wconf 90' lang='lat'>11.</span> <span class='ocrx_word' id='word_1_186' title='bbox 241 959 302 988; x_wconf 82' lang='lat' dir='ltr'>Sed</span> <span class='ocrx_word' id='word_1_187' title='bbox 323 970 402 990; x_wconf 82' lang='lat' dir='ltr'>nunc</span> <span class='ocrx_word' id='word_1_188' title='bbox 424 961 461 990; x_wconf 79' lang='lat' dir='ltr'>de</span> <span class='ocrx_word' id='word_1_189' title='bbox 475 959 578 997; x_wconf 71' lang='lat' dir='ltr'>factis</span> <span class='ocrx_word' id='word_1_190' title='bbox 599 959 770 998; x_wconf 76' lang='lat' dir='ltr'>levioribus]</span> <span class='ocrx_word' id='word_1_191' title='bbox 810 961 947 998; x_wconf 90' lang='lat' dir='ltr'>Supple,</span> 
     </span>
     <span class='ocr_line' id='line_1_37' title="bbox 123 1002 502 1041; baseline 0.003 -10"><span class='ocrx_word' id='word_1_192' title='bbox 123 1002 252 1041; x_wconf 78' lang='lat' dir='ltr'>agimus,</span> <span class='ocrx_word' id='word_1_193' title='bbox 268 1004 330 1040; x_wconf 87' lang='lat' dir='ltr'>vel,</span> <span class='ocrx_word' id='word_1_194' title='bbox 347 1004 502 1041; x_wconf 76' lang='lat' dir='ltr'>querimur.</span> 
     </span>
    </p>

    <p class='ocr_par' dir='ltr' id='par_1_15' title="bbox 122 1044 950 1331">
     <span class='ocr_line' id='line_1_38' title="bbox 167 1044 949 1084; baseline 0.004 -12"><span class='ocrx_word' id='word_1_195' title='bbox 167 1044 435 1082; x_wconf 61' lang='lat' dir='ltr'>Altersifbcisset</span> <span class='ocrx_word' id='word_1_196' title='bbox 450 1046 539 1082; x_wconf 64' lang='lat' dir='ltr'>idem,</span> <span class='ocrx_word' id='word_1_197' title='bbox 562 1046 690 1082; x_wconf 76' lang='lat' dir='ltr'>caderet,</span> <span class='ocrx_word' id='word_1_198' title='bbox 714 1045 777 1084; x_wconf 56' lang='grc' dir='ltr'>ξω]</span> <span class='ocrx_word' id='word_1_199' title='bbox 814 1045 846 1075; x_wconf 90' lang='lat' dir='ltr'>Si</span> <span class='ocrx_word' id='word_1_200' title='bbox 870 1046 949 1075; x_wconf 85' lang='lat' dir='ltr'>alter</span> 
     </span>
     <span class='ocr_line' id='line_1_39' title="bbox 126 1088 948 1127; baseline 0 -10"><span class='ocrx_word' id='word_1_201' title='bbox 126 1088 225 1126; x_wconf 71' lang='lat' dir='ltr'>quam</span> <span class='ocrx_word' id='word_1_202' title='bbox 243 1089 408 1127; x_wconf 76' lang='lat' dir='ltr'>Crispinus</span> <span class='ocrx_word' id='word_1_203' title='bbox 423 1089 452 1118; x_wconf 87' lang='lat' dir='ltr'>id</span> <span class='ocrx_word' id='word_1_204' title='bbox 470 1089 604 1125; x_wconf 63' lang='lat' dir='ltr'>fecisset,</span> <span class='ocrx_word' id='word_1_205' title='bbox 619 1097 684 1117; x_wconf 83' lang='lat' dir='ltr'>non</span> <span class='ocrx_word' id='word_1_206' title='bbox 700 1089 799 1127; x_wconf 83' lang='lat' dir='ltr'>magis</span> <span class='ocrx_word' id='word_1_207' title='bbox 814 1089 948 1126; x_wconf 78' lang='lat' dir='ltr'>impune</span> 
     </span>
     <span class='ocr_line' id='line_1_40' title="bbox 127 1131 948 1169; baseline -0.001 -9"><span class='ocrx_word' id='word_1_208' title='bbox 127 1131 251 1160; x_wconf 79' lang='lat' dir='ltr'>tulisset</span> <span class='ocrx_word' id='word_1_209' title='bbox 269 1133 438 1169; x_wconf 81' lang='lat' dir='ltr'>incestum,</span> <span class='ocrx_word' id='word_1_210' title='bbox 458 1132 555 1169; x_wconf 67' lang='lat' dir='ltr'>quam</span> <span class='ocrx_word' id='word_1_211' title='bbox 581 1132 685 1165; x_wconf 85' lang='lat' dir='ltr'>Celer,</span> <span class='ocrx_word' id='word_1_212' title='bbox 711 1131 818 1168; x_wconf 73' lang='lat' dir='ltr'>Eques</span> <span class='ocrx_word' id='word_1_213' title='bbox 835 1131 948 1160; x_wconf 83' lang='lat' dir='ltr'>Roma-</span> 
     </span>
     <span class='ocr_line' id='line_1_41' title="bbox 125 1174 948 1211; baseline 0.001 -9"><span class='ocrx_word' id='word_1_214' title='bbox 125 1182 198 1209; x_wconf 85' lang='lat' dir='ltr'>nus,</span> <span class='ocrx_word' id='word_1_215' title='bbox 215 1175 267 1204; x_wconf 90' lang='lat' dir='ltr'>cui</span> <span class='ocrx_word' id='word_1_216' title='bbox 281 1175 433 1204; x_wconf 69' lang='lat' dir='ltr'>Cornelize</span> <span class='ocrx_word' id='word_1_217' title='bbox 448 1174 633 1203; x_wconf 67' lang='lat' dir='ltr'>Maximillae</span> <span class='ocrx_word' id='word_1_218' title='bbox 660 1180 807 1211; x_wconf 77' lang='lat' dir='ltr'>stuprum</span> <span class='ocrx_word' id='word_1_219' title='bbox 822 1174 948 1211; x_wconf 82' lang='lat' dir='ltr'>objicie-</span> 
     </span>
     <span class='ocr_line' id='line_1_42' title="bbox 126 1215 950 1255; baseline 0 -11"><span class='ocrx_word' id='word_1_220' title='bbox 126 1215 232 1253; x_wconf 82' lang='lat' dir='ltr'>batur,</span> <span class='ocrx_word' id='word_1_221' title='bbox 249 1227 347 1255; x_wconf 87' lang='lat' dir='ltr'>quem</span> <span class='ocrx_word' id='word_1_222' title='bbox 363 1218 397 1246; x_wconf 90' lang='lat' dir='ltr'>in</span> <span class='ocrx_word' id='word_1_223' title='bbox 416 1217 556 1246; x_wconf 87' lang='lat' dir='ltr'>Comitio</span> <span class='ocrx_word' id='word_1_224' title='bbox 574 1217 666 1255; x_wconf 80' lang='lat' dir='ltr'>virgis</span> <span class='ocrx_word' id='word_1_225' title='bbox 691 1216 729 1245; x_wconf 88' lang='lat' dir='ltr'>ad</span> <span class='ocrx_word' id='word_1_226' title='bbox 745 1225 857 1245; x_wconf 84' lang='lat' dir='ltr'>necem</span> <span class='ocrx_word' id='word_1_227' title='bbox 873 1217 950 1245; x_wconf 61' lang='lat' dir='ltr'>caedi</span> 
     </span>
     <span class='ocr_line' id='line_1_43' title="bbox 122 1258 949 1298; baseline 0 -11"><span class='ocrx_word' id='word_1_228' title='bbox 122 1258 215 1296; x_wconf 81' lang='lat' dir='ltr'>jussit</span> <span class='ocrx_word' id='word_1_229' title='bbox 241 1259 415 1298; x_wconf 78' lang='lat' dir='ltr'>imperator</span> <span class='ocrx_word' id='word_1_230' title='bbox 430 1259 645 1294; x_wconf 77' lang='lat' dir='ltr'>Domitianus,</span> <span class='ocrx_word' id='word_1_231' title='bbox 676 1266 711 1288; x_wconf 88' lang='lat' dir='ltr'>ut</span> <span class='ocrx_word' id='word_1_232' title='bbox 729 1258 820 1288; x_wconf 84' lang='lat' dir='ltr'>refert</span> <span class='ocrx_word' id='word_1_233' title='bbox 836 1259 949 1288; x_wconf 89' lang='lat' dir='ltr'>Sueto-</span> 
     </span>
     <span class='ocr_line' id='line_1_44' title="bbox 127 1302 493 1331; baseline 0 -1"><span class='ocrx_word' id='word_1_234' title='bbox 127 1302 199 1330; x_wconf 86' lang='lat' dir='ltr'>nius</span> <span class='ocrx_word' id='word_1_235' title='bbox 215 1302 283 1331; x_wconf 86' lang='lat' dir='ltr'>loco</span> <span class='ocrx_word' id='word_1_236' title='bbox 299 1312 374 1331; x_wconf 82' lang='lat' dir='ltr'>mox</span> <span class='ocrx_word' id='word_1_237' title='bbox 390 1303 493 1331; x_wconf 86' lang='lat' dir='ltr'>citato.</span> 
     </span>
    </p>

    <p class='ocr_par' dir='ltr' id='par_1_16' title="bbox 124 1343 952 1725">
     <span class='ocr_line' id='line_1_45' title="bbox 173 1343 949 1382; baseline 0.001 -10"><span class='ocrx_word' id='word_1_238' title='bbox 173 1345 221 1373; x_wconf 71' lang='lat'>12.</span> <span class='ocrx_word' id='word_1_239' title='bbox 242 1345 350 1374; x_wconf 73' lang='lat' dir='ltr'>Judice</span> <span class='ocrx_word' id='word_1_240' title='bbox 366 1344 490 1382; x_wconf 82' lang='lat' dir='ltr'>morum]</span> <span class='ocrx_word' id='word_1_241' title='bbox 525 1343 667 1381; x_wconf 80' lang='lat' dir='ltr'>Scoptice</span> <span class='ocrx_word' id='word_1_242' title='bbox 684 1348 772 1373; x_wconf 74' lang='lat' dir='ltr'>notat</span> <span class='ocrx_word' id='word_1_243' title='bbox 787 1343 949 1374; x_wconf 88' lang='lat' dir='ltr'>Domitia-</span> 
     </span>
     <span class='ocr_line' id='line_1_46' title="bbox 126 1386 949 1424; baseline 0 -8"><span class='ocrx_word' id='word_1_244' title='bbox 126 1395 221 1422; x_wconf 86' lang='lat' dir='ltr'>num,</span> <span class='ocrx_word' id='word_1_245' title='bbox 248 1389 303 1424; x_wconf 71' lang='lat' dir='ltr'>qui</span> <span class='ocrx_word' id='word_1_246' title='bbox 319 1397 360 1416; x_wconf 77' lang='lat' dir='ltr'>ex</span> <span class='ocrx_word' id='word_1_247' title='bbox 376 1388 445 1417; x_wconf 89' lang='lat' dir='ltr'>loco</span> <span class='ocrx_word' id='word_1_248' title='bbox 461 1388 557 1416; x_wconf 87' lang='lat' dir='ltr'>citato</span> <span class='ocrx_word' id='word_1_249' title='bbox 575 1386 720 1415; x_wconf 88' lang='lat' dir='ltr'>Suetonii</span> <span class='ocrx_word' id='word_1_250' title='bbox 735 1388 854 1416; x_wconf 86' lang='lat' dir='ltr'>incesta</span> <span class='ocrx_word' id='word_1_251' title='bbox 869 1388 949 1417; x_wconf 87' lang='lat' dir='ltr'>Ves-</span> 
     </span>
     <span class='ocr_line' id='line_1_47' title="bbox 124 1430 949 1469; baseline 0.004 -11"><span class='ocrx_word' id='word_1_252' title='bbox 124 1430 239 1458; x_wconf 78' lang='lat' dir='ltr'>talium</span> <span class='ocrx_word' id='word_1_253' title='bbox 255 1430 411 1469; x_wconf 78' lang='lat' dir='ltr'>virginum</span> <span class='ocrx_word' id='word_1_254' title='bbox 426 1431 527 1459; x_wconf 58' lang='lat' dir='ltr'>severe</span> <span class='ocrx_word' id='word_1_255' title='bbox 542 1430 693 1458; x_wconf 72' lang='lat' dir='ltr'>coercuit:</span> <span class='ocrx_word' id='word_1_256' title='bbox 720 1430 747 1458; x_wconf 61' lang='grc' dir='ltr'>ὃς</span> <span class='ocrx_word' id='word_1_257' title='bbox 761 1431 815 1468; x_wconf 92' lang='lat' dir='ltr'>qui</span> <span class='ocrx_word' id='word_1_258' title='bbox 830 1430 949 1460; x_wconf 88' lang='lat' dir='ltr'>Corne-</span> 
     </span>
     <span class='ocr_line' id='line_1_48' title="bbox 126 1471 948 1510; baseline 0.004 -10"><span class='ocrx_word' id='word_1_259' title='bbox 126 1471 204 1501; x_wconf 80' lang='lat' dir='ltr'>liam</span> <span class='ocrx_word' id='word_1_260' title='bbox 218 1473 380 1502; x_wconf 80' lang='lat' dir='ltr'>absentem</span> <span class='ocrx_word' id='word_1_261' title='bbox 398 1473 640 1510; x_wconf 81' lang='lat' dir='ltr'>inauditamque</span> <span class='ocrx_word' id='word_1_262' title='bbox 650 1471 810 1501; x_wconf 81' lang='lat' dir='ltr'>damnavit</span> <span class='ocrx_word' id='word_1_263' title='bbox 826 1473 948 1510; x_wconf 82' lang='lat' dir='ltr'>incesti,</span> 
     </span>
     <span class='ocr_line' id='line_1_49' title="bbox 128 1513 948 1553; baseline 0.002 -10"><span class='ocrx_word' id='word_1_264' title='bbox 128 1523 165 1543; x_wconf 86' lang='lat' dir='ltr'>ae</span> <span class='ocrx_word' id='word_1_265' title='bbox 189 1513 294 1544; x_wconf 74' lang='lat' dir='ltr'>defodi</span> <span class='ocrx_word' id='word_1_266' title='bbox 317 1516 494 1553; x_wconf 82' lang='lat' dir='ltr'>imperavit,</span> <span class='ocrx_word' id='word_1_267' title='bbox 508 1517 582 1545; x_wconf 78' lang='lat' dir='ltr'>cum</span> <span class='ocrx_word' id='word_1_268' title='bbox 598 1516 664 1553; x_wconf 87' lang='lat' dir='ltr'>ipse</span> <span class='ocrx_word' id='word_1_269' title='bbox 679 1515 776 1544; x_wconf 82' lang='lat' dir='ltr'>fratris</span> <span class='ocrx_word' id='word_1_270' title='bbox 790 1515 888 1545; x_wconf 80' lang='lat' dir='ltr'>filiam</span> <span class='ocrx_word' id='word_1_271' title='bbox 903 1517 948 1545; x_wconf 89' lang='lat' dir='ltr'>in-</span> 
     </span>
     <span class='ocr_line' id='line_1_50' title="bbox 129 1558 950 1596; baseline 0.004 -11"><span class='ocrx_word' id='word_1_272' title='bbox 129 1565 216 1587; x_wconf 86' lang='lat' dir='ltr'>cesto</span> <span class='ocrx_word' id='word_1_273' title='bbox 233 1567 295 1586; x_wconf 87' lang='lat' dir='ltr'>non</span> <span class='ocrx_word' id='word_1_274' title='bbox 314 1559 474 1596; x_wconf 75' lang='lat' dir='ltr'>polluisset</span> <span class='ocrx_word' id='word_1_275' title='bbox 497 1559 613 1595; x_wconf 79' lang='lat' dir='ltr'>solum,</span> <span class='ocrx_word' id='word_1_276' title='bbox 630 1558 738 1587; x_wconf 73' lang='lat' dir='ltr'>verum</span> <span class='ocrx_word' id='word_1_277' title='bbox 755 1559 852 1587; x_wconf 87' lang='lat' dir='ltr'>etiam</span> <span class='ocrx_word' id='word_1_278' title='bbox 869 1559 950 1588; x_wconf 86' lang='lat' dir='ltr'>occi-</span> 
     </span>
     <span class='ocr_line' id='line_1_51' title="bbox 128 1599 952 1639; baseline 0.002 -11"><span class='ocrx_word' id='word_1_279' title='bbox 128 1599 234 1628; x_wconf 79' lang='lat' dir='ltr'>disset.</span> <span class='ocrx_word' id='word_1_280' title='bbox 282 1600 361 1630; x_wconf 89' lang='lat' dir='ltr'>Nam</span> <span class='ocrx_word' id='word_1_281' title='bbox 386 1601 478 1631; x_wconf 87' lang='lat' dir='ltr'>vidua</span> <span class='ocrx_word' id='word_1_282' title='bbox 491 1602 603 1631; x_wconf 89' lang='lat' dir='ltr'>abortu</span> <span class='ocrx_word' id='word_1_283' title='bbox 623 1601 728 1639; x_wconf 89' lang='lat' dir='ltr'>periit,</span> <span class='ocrx_word' id='word_1_284' title='bbox 752 1606 785 1630; x_wconf 88' lang='lat' dir='ltr'>ut</span> <span class='ocrx_word' id='word_1_285' title='bbox 808 1602 952 1639; x_wconf 88' lang='lat' dir='ltr'>loquitur</span> 
     </span>
     <span class='ocr_line' id='line_1_52' title="bbox 130 1641 951 1682; baseline 0.005 -12"><span class='ocrx_word' id='word_1_286' title='bbox 130 1641 252 1672; x_wconf 85' lang='lat' dir='ltr'>Plinius</span> <span class='ocrx_word' id='word_1_287' title='bbox 269 1643 321 1672; x_wconf 85' lang='lat' dir='ltr'>lib.</span> <span class='ocrx_word' id='word_1_288' title='bbox 339 1646 369 1672; x_wconf 88' lang='lat'>4.</span> <span class='ocrx_word' id='word_1_289' title='bbox 398 1643 495 1681; x_wconf 81' lang='lat' dir='ltr'>Epist.</span> <span class='ocrx_word' id='word_1_290' title='bbox 516 1646 563 1672; x_wconf 88' lang='lat'>11.</span> <span class='ocrx_word' id='word_1_291' title='bbox 588 1653 687 1682; x_wconf 87' lang='lat' dir='ltr'>quem</span> <span class='ocrx_word' id='word_1_292' title='bbox 711 1644 791 1682; x_wconf 83' lang='lat' dir='ltr'>Iege.</span> <span class='ocrx_word' id='word_1_293' title='bbox 814 1645 951 1675; x_wconf 82' lang='lat' dir='ltr'>Martial.</span> 
     </span>
     <span class='ocr_line' id='line_1_53' title="bbox 127 1682 598 1725; baseline 0.006 -13"><span class='ocrx_word' id='word_1_294' title='bbox 127 1682 184 1713; x_wconf 77' lang='lat' dir='ltr'>lib.</span> <span class='ocrx_word' id='word_1_295' title='bbox 201 1685 229 1714; x_wconf 81' lang='lat'>6.</span> <span class='ocrx_word' id='word_1_296' title='bbox 259 1685 359 1725; x_wconf 80' lang='lat' dir='ltr'>Fpigr.</span> <span class='ocrx_word' id='word_1_297' title='bbox 377 1688 406 1714; x_wconf 83' lang='lat'>4.</span> <span class='ocrx_word' id='word_1_298' title='bbox 423 1686 461 1714; x_wconf 87' lang='lat' dir='ltr'>ad</span> <span class='ocrx_word' id='word_1_299' title='bbox 477 1686 598 1715; x_wconf 85' lang='lat' dir='ltr'>Domit.</span> 
     </span>
    </p>

    <p class='ocr_par' dir='ltr' id='par_1_17' title="bbox 219 1726 881 1768">
     <span class='ocr_line' id='line_1_54' title="bbox 219 1726 881 1768; baseline 0 -12"><span class='ocrx_word' id='word_1_300' title='bbox 219 1726 330 1756; x_wconf 65' lang='lat' dir='ltr'>Censor</span> <span class='ocrx_word' id='word_1_301' title='bbox 345 1728 469 1757; x_wconf 69' lang='lat' dir='ltr'>marime</span> <span class='ocrx_word' id='word_1_302' title='bbox 483 1727 711 1766; x_wconf 80' lang='lat' dir='ltr'>Principumque</span> <span class='ocrx_word' id='word_1_303' title='bbox 727 1727 881 1768; x_wconf 76' lang='lat' dir='ltr'>Princeps.</span> 
     </span>
    </p>

    <p class='ocr_par' dir='ltr' id='par_1_18' title="bbox 129 1770 953 1885">
     <span class='ocr_line' id='line_1_55' title="bbox 176 1770 953 1809; baseline 0.003 -9"><span class='ocrx_word' id='word_1_304' title='bbox 176 1771 226 1800; x_wconf 75' lang='lat'>13.</span> <span class='ocrx_word' id='word_1_305' title='bbox 254 1770 347 1807; x_wconf 69' lang='lat' dir='ltr'>Titio,</span> <span class='ocrx_word' id='word_1_306' title='bbox 370 1771 507 1809; x_wconf 74' lang='lat' dir='ltr'>Seioqztej</span> <span class='ocrx_word' id='word_1_307' title='bbox 544 1771 681 1800; x_wconf 77' lang='lat' dir='ltr'>Nomina</span> <span class='ocrx_word' id='word_1_308' title='bbox 711 1770 953 1802; x_wconf 84' lang='lat' dir='ltr'>Jurisconsultis</span> 
     </span>
     <span class='ocr_line' id='line_1_56' title="bbox 132 1812 953 1854; baseline 0.002 -12"><span class='ocrx_word' id='word_1_309' title='bbox 132 1812 323 1850; x_wconf 65' lang='lat' dir='ltr'>frequentia,</span> <span class='ocrx_word' id='word_1_310' title='bbox 353 1813 404 1842; x_wconf 86' lang='lat' dir='ltr'>hic</span> <span class='ocrx_word' id='word_1_311' title='bbox 437 1813 603 1853; x_wconf 83' lang='lat' dir='ltr'>designant</span> <span class='ocrx_word' id='word_1_312' title='bbox 630 1813 789 1851; x_wconf 73' lang='lat' dir='ltr'>quoslibet</span> <span class='ocrx_word' id='word_1_313' title='bbox 814 1814 832 1842; x_wconf 75' lang='grc' dir='ltr'>ὲ</span> <span class='ocrx_word' id='word_1_314' title='bbox 857 1816 953 1854; x_wconf 87' lang='lat' dir='ltr'>vulgo</span> 
     </span>
     <span class='ocr_line' id='line_1_57' title="bbox 129 1855 335 1885; baseline -0.005 -1"><span class='ocrx_word' id='word_1_315' title='bbox 129 1856 210 1885; x_wconf 61' lang='lat' dir='ltr'>viros</span> <span class='ocrx_word' id='word_1_316' title='bbox 226 1855 335 1884; x_wconf 80' lang='lat' dir='ltr'>bonos.</span> 
     </span>
    </p>

    <p class='ocr_par' dir='ltr' id='par_1_19' title="bbox 129 1897 954 2106">
     <span class='ocr_line' id='line_1_58' title="bbox 175 1897 953 1937; baseline 0.003 -10"><span class='ocrx_word' id='word_1_317' title='bbox 175 1898 309 1928; x_wconf 84' lang='lat' dir='ltr'>Decebat</span> <span class='ocrx_word' id='word_1_318' title='bbox 337 1897 519 1937; x_wconf 67' lang='lat' dir='ltr'>Crispinum]</span> <span class='ocrx_word' id='word_1_319' title='bbox 559 1897 609 1927; x_wconf 79' lang='lat' dir='ltr'>Ex</span> <span class='ocrx_word' id='word_1_320' title='bbox 632 1898 743 1935; x_wconf 87' lang='lat' dir='ltr'>iniquo</span> <span class='ocrx_word' id='word_1_321' title='bbox 773 1898 953 1929; x_wconf 83' lang='lat' dir='ltr'>Domitiani</span> 
     </span>
     <span class='ocr_line' id='line_1_59' title="bbox 129 1940 953 1980; baseline 0.004 -11"><span class='ocrx_word' id='word_1_322' title='bbox 129 1942 265 1979; x_wconf 83' lang='lat' dir='ltr'>judicio,</span> <span class='ocrx_word' id='word_1_323' title='bbox 289 1942 345 1980; x_wconf 92' lang='lat' dir='ltr'>qui</span> <span class='ocrx_word' id='word_1_324' title='bbox 371 1947 535 1978; x_wconf 83' lang='lat' dir='ltr'>suspectos</span> <span class='ocrx_word' id='word_1_325' title='bbox 552 1941 722 1970; x_wconf 78' lang='lat' dir='ltr'>dumtaxat</span> <span class='ocrx_word' id='word_1_326' title='bbox 739 1940 872 1978; x_wconf 82' lang='lat' dir='ltr'>alicujus</span> <span class='ocrx_word' id='word_1_327' title='bbox 888 1952 953 1972; x_wconf 87' lang='lat' dir='ltr'>sce-</span> 
     </span>
     <span class='ocr_line' id='line_1_60' title="bbox 131 1983 954 2022; baseline -0.002 -9"><span class='ocrx_word' id='word_1_328' title='bbox 131 1984 204 2013; x_wconf 86' lang='lat' dir='ltr'>leris</span> <span class='ocrx_word' id='word_1_329' title='bbox 217 1985 319 2013; x_wconf 73' lang='lat' dir='ltr'>severe</span> <span class='ocrx_word' id='word_1_330' title='bbox 335 1984 500 2022; x_wconf 84' lang='lat' dir='ltr'>puniebat,</span> <span class='ocrx_word' id='word_1_331' title='bbox 518 1990 555 2014; x_wconf 87' lang='lat' dir='ltr'>ut</span> <span class='ocrx_word' id='word_1_332' title='bbox 569 1993 643 2012; x_wconf 77' lang='lat' dir='ltr'>mox</span> <span class='ocrx_word' id='word_1_333' title='bbox 659 1983 780 2012; x_wconf 83' lang='lat' dir='ltr'>dictum</span> <span class='ocrx_word' id='word_1_334' title='bbox 794 1994 802 2019; x_wconf 68' lang='grc' dir='ltr'><strong>ς</strong></span> <span class='ocrx_word' id='word_1_335' title='bbox 828 1991 860 2012; x_wconf 84' lang='lat' dir='ltr'>at</span> <span class='ocrx_word' id='word_1_336' title='bbox 879 1994 954 2015; x_wconf 86' lang='lat' dir='ltr'>con-</span> 
     </span>
     <span class='ocr_line' id='line_1_61' title="bbox 133 2025 954 2067; baseline 0.004 -12"><span class='ocrx_word' id='word_1_337' title='bbox 133 2026 260 2055; x_wconf 71' lang='lat' dir='ltr'>nivebat</span> <span class='ocrx_word' id='word_1_338' title='bbox 278 2027 308 2055; x_wconf 90' lang='lat' dir='ltr'>in</span> <span class='ocrx_word' id='word_1_339' title='bbox 327 2025 499 2055; x_wconf 69' lang='lat' dir='ltr'>manifestis</span> <span class='ocrx_word' id='word_1_340' title='bbox 514 2028 610 2056; x_wconf 84' lang='lat' dir='ltr'>etiam</span> <span class='ocrx_word' id='word_1_341' title='bbox 624 2026 801 2056; x_wconf 84' lang='lat' dir='ltr'>amicorum</span> <span class='ocrx_word' id='word_1_342' title='bbox 818 2026 954 2067; x_wconf 84' lang='lat' dir='ltr'>flagitiis,</span> 
     </span>
     <span class='ocr_line' id='line_1_62' title="bbox 134 2068 676 2106; baseline 0 -8"><span class='ocrx_word' id='word_1_343' title='bbox 134 2069 164 2098; x_wconf 72' lang='grc' dir='ltr'>δε</span> <span class='ocrx_word' id='word_1_344' title='bbox 182 2069 301 2098; x_wconf 84' lang='lat' dir='ltr'>incesto</span> <span class='ocrx_word' id='word_1_345' title='bbox 319 2068 464 2105; x_wconf 88' lang='lat' dir='ltr'>Crispino</span> <span class='ocrx_word' id='word_1_346' title='bbox 481 2069 676 2106; x_wconf 84' lang='lat' dir='ltr'>indulgebat.</span> 
     </span>
    </p>

    <p class='ocr_par' dir='ltr' id='par_1_20' title="bbox 132 2110 953 2318">
     <span class='ocr_line' id='line_1_63' title="bbox 177 2110 953 2149; baseline 0.009 -12"><span class='ocrx_word' id='word_1_347' title='bbox 177 2112 226 2139; x_wconf 84' lang='lat'>14.</span> <span class='ocrx_word' id='word_1_348' title='bbox 253 2110 334 2142; x_wconf 63' lang='lat' dir='ltr'>Quid</span> <span class='ocrx_word' id='word_1_349' title='bbox 347 2120 434 2149; x_wconf 62' lang='lat' dir='ltr'>agas,</span> <span class='ocrx_word' id='word_1_350' title='bbox 449 2111 524 2146; x_wconf 68' lang='lat' dir='ltr'>etim,</span> <span class='ocrx_word' id='word_1_351' title='bbox 543 2111 604 2149; x_wconf 56' lang='grc' dir='ltr'>ξω]</span> <span class='ocrx_word' id='word_1_352' title='bbox 627 2111 733 2143; x_wconf 83' lang='lat' dir='ltr'>Quam</span> <span class='ocrx_word' id='word_1_353' title='bbox 745 2121 910 2144; x_wconf 84' lang='lat' dir='ltr'>censuram</span> <span class='ocrx_word' id='word_1_354' title='bbox 926 2116 953 2144; x_wconf 61' lang='lat'>&amp;-</span> 
     </span>
     <span class='ocr_line' id='line_1_64' title="bbox 132 2153 953 2191; baseline 0.006 -9"><span class='ocrx_word' id='word_1_355' title='bbox 132 2153 436 2182; x_wconf 78' lang='lat' dir='ltr'>animadversionem</span> <span class='ocrx_word' id='word_1_356' title='bbox 453 2153 582 2191; x_wconf 81' lang='lat' dir='ltr'>dignam</span> <span class='ocrx_word' id='word_1_357' title='bbox 607 2155 676 2183; x_wconf 86' lang='lat' dir='ltr'>satis</span> <span class='ocrx_word' id='word_1_358' title='bbox 692 2153 839 2184; x_wconf 82' lang='lat' dir='ltr'>adhibeas</span> <span class='ocrx_word' id='word_1_359' title='bbox 855 2157 887 2185; x_wconf 91' lang='lat' dir='ltr'>in</span> <span class='ocrx_word' id='word_1_360' title='bbox 900 2158 953 2187; x_wconf 91' lang='lat' dir='ltr'>ho-</span> 
     </span>
     <span class='ocr_line' id='line_1_65' title="bbox 134 2195 952 2231; baseline 0.006 -7"><span class='ocrx_word' id='word_1_361' title='bbox 134 2196 257 2225; x_wconf 88' lang='lat' dir='ltr'>minem</span> <span class='ocrx_word' id='word_1_362' title='bbox 281 2196 370 2224; x_wconf 88' lang='lat' dir='ltr'>omni</span> <span class='ocrx_word' id='word_1_363' title='bbox 396 2195 528 2225; x_wconf 85' lang='lat' dir='ltr'>crimine</span> <span class='ocrx_word' id='word_1_364' title='bbox 554 2195 741 2224; x_wconf 79' lang='lat' dir='ltr'>foediorem?</span> <span class='ocrx_word' id='word_1_365' title='bbox 774 2197 842 2227; x_wconf 88' lang='lat' dir='ltr'>Nec</span> <span class='ocrx_word' id='word_1_366' title='bbox 866 2201 952 2231; x_wconf 87' lang='lat' dir='ltr'>enirn</span> 
     </span>
     <span class='ocr_line' id='line_1_66' title="bbox 134 2238 951 2282; baseline 0.007 -16"><span class='ocrx_word' id='word_1_367' title='bbox 134 2238 262 2275; x_wconf 79' lang='lat' dir='ltr'>perdita:</span> <span class='ocrx_word' id='word_1_368' title='bbox 279 2239 380 2267; x_wconf 78' lang='lat' dir='ltr'>solum</span> <span class='ocrx_word' id='word_1_369' title='bbox 398 2245 444 2267; x_wconf 87' lang='lat' dir='ltr'>est</span> <span class='ocrx_word' id='word_1_370' title='bbox 459 2238 601 2275; x_wconf 78' lang='lat' dir='ltr'>lasciviae,</span> <span class='ocrx_word' id='word_1_371' title='bbox 617 2238 670 2266; x_wconf 88' lang='lat' dir='ltr'>sed</span> <span class='ocrx_word' id='word_1_372' title='bbox 694 2239 722 2267; x_wconf 61' lang='grc' dir='ltr'>δι’</span> <span class='ocrx_word' id='word_1_373' title='bbox 738 2239 818 2278; x_wconf 82' lang='lat' dir='ltr'>gulae</span> <span class='ocrx_word' id='word_1_374' title='bbox 836 2240 951 2282; x_wconf 86' lang='lat' dir='ltr'>Crispi-</span> 
     </span>
     <span class='ocr_line' id='line_1_67' title="bbox 132 2280 508 2318; baseline 0.003 -10"><span class='ocrx_word' id='word_1_375' title='bbox 132 2289 214 2317; x_wconf 79' lang='lat' dir='ltr'>nus3</span> <span class='ocrx_word' id='word_1_376' title='bbox 241 2287 276 2309; x_wconf 92' lang='lat' dir='ltr'>ut</span> <span class='ocrx_word' id='word_1_377' title='bbox 290 2290 367 2310; x_wconf 84' lang='lat' dir='ltr'>mox</span> <span class='ocrx_word' id='word_1_378' title='bbox 379 2280 508 2318; x_wconf 82' lang='lat' dir='ltr'>patebit.</span> 
     </span>
    </p>

    <p class='ocr_par' dir='ltr' id='par_1_21' title="bbox 131 2322 952 2829">
     <span class='ocr_line' id='line_1_68' title="bbox 180 2322 951 2363; baseline 0.008 -12"><span class='ocrx_word' id='word_1_379' title='bbox 180 2324 229 2352; x_wconf 83' lang='lat'>15.</span> <span class='ocrx_word' id='word_1_380' title='bbox 265 2322 414 2359; x_wconf 70' lang='lat' dir='ltr'>fllullzzm]</span> <span class='ocrx_word' id='word_1_381' title='bbox 453 2322 572 2352; x_wconf 80' lang='lat' dir='ltr'>Piscem</span> <span class='ocrx_word' id='word_1_382' title='bbox 597 2324 767 2362; x_wconf 87' lang='lat' dir='ltr'>marinum,</span> <span class='ocrx_word' id='word_1_383' title='bbox 795 2326 851 2363; x_wconf 90' lang='lat' dir='ltr'>qui</span> <span class='ocrx_word' id='word_1_384' title='bbox 877 2327 951 2358; x_wconf 74' lang='lat' dir='ltr'>alias</span> 
     </span>
     <span class='ocr_line' id='line_1_69' title="bbox 131 2364 950 2407; baseline 0.007 -14"><span class='ocrx_word' id='word_1_385' title='bbox 131 2364 224 2394; x_wconf 73' lang='lat' dir='ltr'>barbo</span> <span class='ocrx_word' id='word_1_386' title='bbox 240 2366 290 2395; x_wconf 89' lang='lat' dir='ltr'>vel</span> <span class='ocrx_word' id='word_1_387' title='bbox 304 2365 416 2403; x_wconf 54' lang='lat' dir='ltr'>lambio,</span> <span class='ocrx_word' id='word_1_388' title='bbox 443 2366 483 2393; x_wconf 85' lang='lat' dir='ltr'>ob</span> <span class='ocrx_word' id='word_1_389' title='bbox 508 2366 669 2404; x_wconf 81' lang='lat' dir='ltr'>geminam</span> <span class='ocrx_word' id='word_1_390' title='bbox 682 2367 823 2405; x_wconf 82' lang='lat' dir='ltr'>barbam,</span> <span class='ocrx_word' id='word_1_391' title='bbox 852 2378 950 2407; x_wconf 89' lang='lat' dir='ltr'>quam</span> 
     </span>
     <span class='ocr_line' id='line_1_70' title="bbox 133 2407 946 2443; baseline 0.005 -7"><span class='ocrx_word' id='word_1_392' title='bbox 133 2408 229 2437; x_wconf 87' lang='lat' dir='ltr'>habet</span> <span class='ocrx_word' id='word_1_393' title='bbox 254 2410 288 2437; x_wconf 90' lang='lat' dir='ltr'>in</span> <span class='ocrx_word' id='word_1_394' title='bbox 314 2407 449 2436; x_wconf 77' lang='lat' dir='ltr'>inferiori</span> <span class='ocrx_word' id='word_1_395' title='bbox 472 2408 563 2437; x_wconf 88' lang='lat' dir='ltr'>labio.</span> <span class='ocrx_word' id='word_1_396' title='bbox 611 2407 662 2437; x_wconf 90' lang='lat' dir='ltr'>De</span> <span class='ocrx_word' id='word_1_397' title='bbox 683 2419 721 2438; x_wconf 81' lang='lat' dir='ltr'>eo</span> <span class='ocrx_word' id='word_1_398' title='bbox 744 2409 822 2439; x_wconf 82' lang='lat' dir='ltr'>Plin.</span> <span class='ocrx_word' id='word_1_399' title='bbox 846 2412 899 2440; x_wconf 89' lang='lat' dir='ltr'>lib.</span> <span class='ocrx_word' id='word_1_400' title='bbox 918 2413 946 2443; x_wconf 86' lang='lat'>9.</span> 
     </span>
     <span class='ocr_line' id='line_1_71' title="bbox 133 2449 950 2488; baseline 0.006 -9"><span class='ocrx_word' id='word_1_401' title='bbox 133 2460 203 2488; x_wconf 89' lang='lat' dir='ltr'>cap.</span> <span class='ocrx_word' id='word_1_402' title='bbox 226 2452 275 2480; x_wconf 77' lang='grc'>17.</span> <span class='ocrx_word' id='word_1_403' title='bbox 297 2451 324 2479; x_wconf 64' lang='grc' dir='ltr'>δε</span> <span class='ocrx_word' id='word_1_404' title='bbox 354 2450 402 2478; x_wconf 81' lang='lat'>18.</span> <span class='ocrx_word' id='word_1_405' title='bbox 421 2451 449 2478; x_wconf 84' lang='lat'>&amp;</span> <span class='ocrx_word' id='word_1_406' title='bbox 472 2451 554 2480; x_wconf 86' lang='lat' dir='ltr'>alibi.</span> <span class='ocrx_word' id='word_1_407' title='bbox 597 2449 747 2481; x_wconf 86' lang='lat' dir='ltr'>Barbatos</span> <span class='ocrx_word' id='word_1_408' title='bbox 777 2453 894 2483; x_wconf 79' lang='lat' dir='ltr'>mullos</span> <span class='ocrx_word' id='word_1_409' title='bbox 922 2457 950 2485; x_wconf 70' lang='grc' dir='ltr'>δε</span> 
     </span>
     <span class='ocr_line' id='line_1_72' title="bbox 132 2492 950 2531; baseline 0.006 -10"><span class='ocrx_word' id='word_1_410' title='bbox 132 2492 312 2522; x_wconf 75' lang='lat' dir='ltr'>barbatulos</span> <span class='ocrx_word' id='word_1_411' title='bbox 337 2497 465 2530; x_wconf 73' lang='lat' dir='ltr'>vocant,</span> <span class='ocrx_word' id='word_1_412' title='bbox 500 2495 528 2522; x_wconf 67' lang='grc' dir='ltr'>δε</span> <span class='ocrx_word' id='word_1_413' title='bbox 554 2494 587 2522; x_wconf 83' lang='grc' dir='ltr'>ἰη</span> <span class='ocrx_word' id='word_1_414' title='bbox 615 2494 740 2531; x_wconf 79' lang='lat' dir='ltr'>piscinis</span> <span class='ocrx_word' id='word_1_415' title='bbox 768 2495 810 2523; x_wconf 83' lang='lat' dir='ltr'>ali</span> <span class='ocrx_word' id='word_1_416' title='bbox 846 2497 950 2527; x_wconf 86' lang='lat' dir='ltr'>solitos</span> 
     </span>
     <span class='ocr_line' id='line_1_73' title="bbox 132 2535 952 2576; baseline 0.007 -13"><span class='ocrx_word' id='word_1_417' title='bbox 132 2539 298 2564; x_wconf 82' lang='lat' dir='ltr'>testamur.</span> <span class='ocrx_word' id='word_1_418' title='bbox 340 2535 438 2564; x_wconf 82' lang='lat' dir='ltr'>Varro</span> <span class='ocrx_word' id='word_1_419' title='bbox 464 2536 516 2564; x_wconf 90' lang='lat' dir='ltr'>lib.</span> <span class='ocrx_word' id='word_1_420' title='bbox 537 2537 556 2563; x_wconf 74' lang='grc' dir='ltr'>ὃ</span> <span class='ocrx_word' id='word_1_421' title='bbox 583 2535 622 2564; x_wconf 89' lang='lat' dir='ltr'>de</span> <span class='ocrx_word' id='word_1_422' title='bbox 637 2536 684 2564; x_wconf 84' lang='lat' dir='ltr'>Re</span> <span class='ocrx_word' id='word_1_423' title='bbox 700 2537 787 2566; x_wconf 83' lang='lat' dir='ltr'>Rust.</span> <span class='ocrx_word' id='word_1_424' title='bbox 814 2547 883 2576; x_wconf 86' lang='lat' dir='ltr'>cap.</span> <span class='ocrx_word' id='word_1_425' title='bbox 903 2542 952 2570; x_wconf 83' lang='lat'>17.</span> 
     </span>
     <span class='ocr_line' id='line_1_74' title="bbox 134 2577 949 2616; baseline 0.007 -11"><span class='ocrx_word' id='word_1_426' title='bbox 134 2577 244 2606; x_wconf 87' lang='lat' dir='ltr'>Cicero</span> <span class='ocrx_word' id='word_1_427' title='bbox 260 2578 298 2606; x_wconf 90' lang='lat' dir='ltr'>ad</span> <span class='ocrx_word' id='word_1_428' title='bbox 315 2578 411 2607; x_wconf 79' lang='lat' dir='ltr'>Attic.</span> <span class='ocrx_word' id='word_1_429' title='bbox 442 2578 494 2607; x_wconf 89' lang='lat' dir='ltr'>lib.</span> <span class='ocrx_word' id='word_1_430' title='bbox 510 2579 541 2607; x_wconf 78' lang='lat'>2.</span> <span class='ocrx_word' id='word_1_431' title='bbox 574 2578 676 2616; x_wconf 83' lang='lat' dir='ltr'>Epist.</span> <span class='ocrx_word' id='word_1_432' title='bbox 702 2581 726 2607; x_wconf 88' lang='lat'>1.</span> <span class='ocrx_word' id='word_1_433' title='bbox 745 2580 771 2607; x_wconf 60' lang='lat'>8„-</span> <span class='ocrx_word' id='word_1_434' title='bbox 790 2580 895 2611; x_wconf 84' lang='lat' dir='ltr'>Parad.</span> <span class='ocrx_word' id='word_1_435' title='bbox 920 2584 949 2611; x_wconf 84' lang='lat'>5.</span> 
     </span>
     <span class='ocr_line' id='line_1_75' title="bbox 135 2619 951 2659; baseline 0.007 -11"><span class='ocrx_word' id='word_1_436' title='bbox 135 2619 219 2656; x_wconf 85' lang='lat' dir='ltr'>apud</span> <span class='ocrx_word' id='word_1_437' title='bbox 234 2620 354 2649; x_wconf 81' lang='lat' dir='ltr'>Athen.</span> <span class='ocrx_word' id='word_1_438' title='bbox 372 2620 425 2648; x_wconf 91' lang='lat' dir='ltr'>lib.</span> <span class='ocrx_word' id='word_1_439' title='bbox 443 2623 471 2650; x_wconf 87' lang='grc'>1.</span> <span class='ocrx_word' id='word_1_440' title='bbox 489 2631 556 2659; x_wconf 74' lang='lat' dir='ltr'>cap.</span> <span class='ocrx_word' id='word_1_441' title='bbox 569 2621 597 2649; x_wconf 79' lang='lat'>5.</span> <span class='ocrx_word' id='word_1_442' title='bbox 616 2619 723 2650; x_wconf 75' lang='lat' dir='ltr'>mullus</span> <span class='ocrx_word' id='word_1_443' title='bbox 737 2621 848 2652; x_wconf 84' lang='lat' dir='ltr'>Dianae</span> <span class='ocrx_word' id='word_1_444' title='bbox 867 2633 951 2654; x_wconf 83' lang='lat' dir='ltr'>sacer</span> 
     </span>
     <span class='ocr_line' id='line_1_76' title="bbox 133 2661 949 2701; baseline 0.009 -12"><span class='ocrx_word' id='word_1_445' title='bbox 133 2661 258 2691; x_wconf 86' lang='lat' dir='ltr'>dicitur.</span> <span class='ocrx_word' id='word_1_446' title='bbox 302 2663 383 2692; x_wconf 82' lang='lat' dir='ltr'>Item</span> <span class='ocrx_word' id='word_1_447' title='bbox 411 2663 465 2692; x_wconf 90' lang='lat' dir='ltr'>lib.</span> <span class='ocrx_word' id='word_1_448' title='bbox 500 2666 527 2693; x_wconf 81' lang='lat'>7.</span> <span class='ocrx_word' id='word_1_449' title='bbox 555 2672 623 2701; x_wconf 84' lang='lat' dir='ltr'>cap.</span> <span class='ocrx_word' id='word_1_450' title='bbox 652 2664 705 2692; x_wconf 76' lang='lat'>21.</span> <span class='ocrx_word' id='word_1_451' title='bbox 731 2665 786 2694; x_wconf 87' lang='lat' dir='ltr'>ubi</span> <span class='ocrx_word' id='word_1_452' title='bbox 810 2667 839 2693; x_wconf 76' lang='grc' dir='ltr'>δε</span> <span class='ocrx_word' id='word_1_453' title='bbox 860 2669 949 2696; x_wconf 75' lang='lat' dir='ltr'>varice</span> 
     </span>
     <span class='ocr_line' id='line_1_77' title="bbox 134 2702 951 2740; baseline 0.01 -9"><span class='ocrx_word' id='word_1_454' title='bbox 134 2702 220 2732; x_wconf 76' lang='lat' dir='ltr'>mulli</span> <span class='ocrx_word' id='word_1_455' title='bbox 233 2704 320 2734; x_wconf 83' lang='lat' dir='ltr'>dotes</span> <span class='ocrx_word' id='word_1_456' title='bbox 335 2704 519 2736; x_wconf 82' lang='lat' dir='ltr'>afferuntur.</span> <span class='ocrx_word' id='word_1_457' title='bbox 557 2704 664 2737; x_wconf 82' lang='lat' dir='ltr'>Quem</span> <span class='ocrx_word' id='word_1_458' title='bbox 677 2710 786 2736; x_wconf 89' lang='lat' dir='ltr'>tamen</span> <span class='ocrx_word' id='word_1_459' title='bbox 800 2707 832 2736; x_wconf 90' lang='lat' dir='ltr'>in</span> <span class='ocrx_word' id='word_1_460' title='bbox 845 2708 951 2740; x_wconf 91' lang='lat' dir='ltr'>locum</span> 
     </span>
     <span class='ocr_line' id='line_1_78' title="bbox 134 2746 950 2788; baseline 0.009 -14"><span class='ocrx_word' id='word_1_461' title='bbox 134 2746 204 2775; x_wconf 73' lang='lat' dir='ltr'>vide</span> <span class='ocrx_word' id='word_1_462' title='bbox 233 2746 460 2777; x_wconf 87' lang='lat' dir='ltr'>Casaubonum</span> <span class='ocrx_word' id='word_1_463' title='bbox 485 2748 587 2777; x_wconf 84' lang='lat' dir='ltr'>multa</span> <span class='ocrx_word' id='word_1_464' title='bbox 614 2748 704 2777; x_wconf 73' lang='lat' dir='ltr'>docte</span> <span class='ocrx_word' id='word_1_465' title='bbox 731 2751 950 2788; x_wconf 80' lang='lat' dir='ltr'>corrigentem.</span> 
     </span>
     <span class='ocr_line' id='line_1_79' title="bbox 133 2788 788 2829; baseline 0.008 -13"><span class='ocrx_word' id='word_1_466' title='bbox 133 2788 218 2817; x_wconf 85' lang='lat' dir='ltr'>Vide</span> <span class='ocrx_word' id='word_1_467' title='bbox 234 2789 297 2818; x_wconf 85' lang='lat' dir='ltr'>Sat.</span> <span class='ocrx_word' id='word_1_468' title='bbox 314 2790 342 2817; x_wconf 87' lang='lat'>5.</span> <span class='ocrx_word' id='word_1_469' title='bbox 359 2799 387 2818; x_wconf 84' lang='lat' dir='ltr'>v.</span> <span class='ocrx_word' id='word_1_470' title='bbox 402 2789 454 2819; x_wconf 77' lang='lat'>92.</span> <span class='ocrx_word' id='word_1_471' title='bbox 472 2792 499 2820; x_wconf 65' lang='grc' dir='ltr'>δι’</span> <span class='ocrx_word' id='word_1_472' title='bbox 517 2800 587 2829; x_wconf 69' lang='lat' dir='ltr'>quae</span> <span class='ocrx_word' id='word_1_473' title='bbox 601 2799 658 2819; x_wconf 88' lang='lat' dir='ltr'>nos</span> <span class='ocrx_word' id='word_1_474' title='bbox 672 2791 788 2822; x_wconf 86' lang='lat' dir='ltr'>ibidem</span> 
     </span>
    </p>

    <p class='ocr_par' dir='ltr' id='par_1_22' title="bbox 133 2830 951 3042">
     <span class='ocr_line' id='line_1_80' title="bbox 176 2830 949 2870; baseline 0.012 -12"><span class='ocrx_word' id='word_1_475' title='bbox 176 2830 235 2859; x_wconf 71' lang='lat' dir='ltr'>Sex</span> <span class='ocrx_word' id='word_1_476' title='bbox 257 2831 389 2861; x_wconf 73' lang='lat' dir='ltr'>millibus</span> <span class='ocrx_word' id='word_1_477' title='bbox 402 2832 487 2870; x_wconf 80' lang='lat' dir='ltr'>emit]</span> <span class='ocrx_word' id='word_1_478' title='bbox 522 2835 584 2862; x_wconf 77' lang='lat' dir='ltr'>Sex</span> <span class='ocrx_word' id='word_1_479' title='bbox 606 2833 745 2862; x_wconf 88' lang='lat' dir='ltr'>millibus</span> <span class='ocrx_word' id='word_1_480' title='bbox 766 2836 949 2867; x_wconf 69' lang='lat' dir='ltr'>nummum.</span> 
     </span>
     <span class='ocr_line' id='line_1_81' title="bbox 134 2873 950 2917; baseline 0.007 -15"><span class='ocrx_word' id='word_1_481' title='bbox 134 2873 274 2902; x_wconf 88' lang='lat' dir='ltr'>Macrob.</span> <span class='ocrx_word' id='word_1_482' title='bbox 290 2873 341 2902; x_wconf 90' lang='lat' dir='ltr'>lib.</span> <span class='ocrx_word' id='word_1_483' title='bbox 359 2874 389 2903; x_wconf 73' lang='lat'>8.</span> <span class='ocrx_word' id='word_1_484' title='bbox 402 2882 471 2913; x_wconf 79' lang='lat' dir='ltr'>cap.</span> <span class='ocrx_word' id='word_1_485' title='bbox 481 2878 530 2906; x_wconf 86' lang='grc'>17.</span> <span class='ocrx_word' id='word_1_486' title='bbox 542 2875 683 2905; x_wconf 82' lang='lat' dir='ltr'>mullum</span> <span class='ocrx_word' id='word_1_487' title='bbox 697 2886 801 2906; x_wconf 81' lang='lat' dir='ltr'>unum</span> <span class='ocrx_word' id='word_1_488' title='bbox 815 2886 950 2917; x_wconf 82' lang='lat' dir='ltr'>septem,</span> 
     </span>
     <span class='ocr_line' id='line_1_82' title="bbox 134 2916 951 2956; baseline 0.007 -12"><span class='ocrx_word' id='word_1_489' title='bbox 134 2916 272 2955; x_wconf 78' lang='lat' dir='ltr'>(Plinius</span> <span class='ocrx_word' id='word_1_490' title='bbox 298 2922 404 2946; x_wconf 90' lang='lat' dir='ltr'>autem</span> <span class='ocrx_word' id='word_1_491' title='bbox 431 2916 517 2956; x_wconf 86' lang='lat' dir='ltr'>octo)</span> <span class='ocrx_word' id='word_1_492' title='bbox 543 2918 683 2947; x_wconf 89' lang='lat' dir='ltr'>millibus</span> <span class='ocrx_word' id='word_1_493' title='bbox 709 2921 880 2950; x_wconf 73' lang='lat' dir='ltr'>nummum</span> <span class='ocrx_word' id='word_1_494' title='bbox 907 2923 951 2950; x_wconf 86' lang='lat' dir='ltr'>ait</span> 
     </span>
     <span class='ocr_line' id='line_1_83' title="bbox 133 2958 949 2996; baseline 0.009 -10"><span class='ocrx_word' id='word_1_495' title='bbox 133 2964 284 2996; x_wconf 84' lang='lat' dir='ltr'>emptum</span> <span class='ocrx_word' id='word_1_496' title='bbox 320 2958 358 2986; x_wconf 81' lang='lat' dir='ltr'>ab</span> <span class='ocrx_word' id='word_1_497' title='bbox 397 2960 508 2989; x_wconf 89' lang='lat' dir='ltr'>Asinio</span> <span class='ocrx_word' id='word_1_498' title='bbox 539 2960 650 2990; x_wconf 84' lang='lat' dir='ltr'>Celere</span> <span class='ocrx_word' id='word_1_499' title='bbox 683 2962 748 2990; x_wconf 83' lang='lat' dir='ltr'>viro</span> <span class='ocrx_word' id='word_1_500' title='bbox 775 2962 949 2993; x_wconf 78' lang='lat' dir='ltr'>Consulari.</span> 
     </span>
     <span class='ocr_line' id='line_1_84' title="bbox 133 3000 951 3042; baseline 0.007 -12"><span class='ocrx_word' id='word_1_501' title='bbox 133 3000 233 3039; x_wconf 85' lang='lat' dir='ltr'>Apud</span> <span class='ocrx_word' id='word_1_502' title='bbox 250 3002 382 3032; x_wconf 78' lang='lat' dir='ltr'>Sueten.</span> <span class='ocrx_word' id='word_1_503' title='bbox 396 3008 506 3033; x_wconf 79' lang='lat' dir='ltr'>autem</span> <span class='ocrx_word' id='word_1_504' title='bbox 519 3002 591 3033; x_wconf 85' lang='lat' dir='ltr'>Tib.</span> <span class='ocrx_word' id='word_1_505' title='bbox 607 3012 678 3042; x_wconf 86' lang='lat' dir='ltr'>cap.</span> <span class='ocrx_word' id='word_1_506' title='bbox 692 3005 745 3036; x_wconf 72' lang='lat'>34.</span> <span class='ocrx_word' id='word_1_507' title='bbox 758 3010 818 3036; x_wconf 81' lang='lat' dir='ltr'>tres</span> <span class='ocrx_word' id='word_1_508' title='bbox 834 3006 951 3037; x_wconf 84' lang='lat' dir='ltr'>mullos</span> 
     </span>
    </p>
   </div>
   <div class='ocr_carea' id='block_1_13' title="bbox 991 960 1824 3047">
    <p class='ocr_par' dir='ltr' id='par_1_23' title="bbox 991 960 1816 1042">
     <span class='ocr_line' id='line_1_85' title="bbox 991 960 1816 1003; baseline 0.007 -15"><span class='ocrx_word' id='word_1_509' title='bbox 991 960 1116 998; x_wconf 83' lang='lat' dir='ltr'>triginta</span> <span class='ocrx_word' id='word_1_510' title='bbox 1143 961 1282 991; x_wconf 88' lang='lat' dir='ltr'>millibus</span> <span class='ocrx_word' id='word_1_511' title='bbox 1312 963 1485 993; x_wconf 78' lang='lat' dir='ltr'>nummum</span> <span class='ocrx_word' id='word_1_512' title='bbox 1513 964 1654 1001; x_wconf 83' lang='lat' dir='ltr'>vaenisse,</span> <span class='ocrx_word' id='word_1_513' title='bbox 1683 968 1816 1003; x_wconf 82' lang='lat' dir='ltr'>questus</span> 
     </span>
     <span class='ocr_line' id='line_1_86' title="bbox 992 1003 1320 1042; baseline 0.009 -12"><span class='ocrx_word' id='word_1_514' title='bbox 992 1003 1124 1032; x_wconf 86' lang='lat' dir='ltr'>refertur</span> <span class='ocrx_word' id='word_1_515' title='bbox 1139 1003 1320 1042; x_wconf 47' lang='lat' dir='ltr'>Imperator.</span> 
     </span>
    </p>

    <p class='ocr_par' dir='ltr' id='par_1_24' title="bbox 992 1045 1815 1127">
     <span class='ocr_line' id='line_1_87' title="bbox 1036 1045 1815 1086; baseline 0.006 -12"><span class='ocrx_word' id='word_1_516' title='bbox 1036 1046 1049 1072; x_wconf 88' lang='lat'>1</span> <span class='ocrx_word' id='word_1_517' title='bbox 1061 1045 1090 1075; x_wconf 79' lang='lat'>6.</span> <span class='ocrx_word' id='word_1_518' title='bbox 1112 1045 1294 1084; x_wconf 75' lang='lat' dir='ltr'>AEqncmtem</span> <span class='ocrx_word' id='word_1_519' title='bbox 1308 1046 1395 1084; x_wconf 69' lang='lat' dir='ltr'>sane]</span> <span class='ocrx_word' id='word_1_520' title='bbox 1429 1047 1528 1080; x_wconf 83' lang='lat' dir='ltr'>Quasi</span> <span class='ocrx_word' id='word_1_521' title='bbox 1542 1049 1672 1086; x_wconf 81' lang='lat' dir='ltr'>diceret,</span> <span class='ocrx_word' id='word_1_522' title='bbox 1687 1049 1712 1078; x_wconf 89' lang='lat' dir='ltr'>si</span> <span class='ocrx_word' id='word_1_523' title='bbox 1724 1050 1815 1079; x_wconf 85' lang='lat' dir='ltr'>mira-</span> 
     </span>
     <span class='ocr_line' id='line_1_88' title="bbox 992 1087 1748 1127; baseline 0.008 -12"><span class='ocrx_word' id='word_1_524' title='bbox 992 1087 1030 1116; x_wconf 88' lang='lat' dir='ltr'>ris</span> <span class='ocrx_word' id='word_1_525' title='bbox 1044 1089 1197 1126; x_wconf 86' lang='lat' dir='ltr'>pretium,</span> <span class='ocrx_word' id='word_1_526' title='bbox 1212 1090 1296 1119; x_wconf 86' lang='lat' dir='ltr'>disce</span> <span class='ocrx_word' id='word_1_527' title='bbox 1311 1090 1447 1127; x_wconf 86' lang='lat' dir='ltr'>pondus,</span> <span class='ocrx_word' id='word_1_528' title='bbox 1465 1091 1492 1119; x_wconf 72' lang='grc' dir='ltr'>δε</span> <span class='ocrx_word' id='word_1_529' title='bbox 1509 1092 1612 1120; x_wconf 86' lang='lat' dir='ltr'>mirari</span> <span class='ocrx_word' id='word_1_530' title='bbox 1628 1092 1748 1121; x_wconf 87' lang='lat' dir='ltr'>desine.</span> 
     </span>
    </p>

    <p class='ocr_par' dir='ltr' id='par_1_25' title="bbox 991 1130 1821 1556">
     <span class='ocr_line' id='line_1_89' title="bbox 1034 1130 1821 1173; baseline 0.006 -14"><span class='ocrx_word' id='word_1_531' title='bbox 1034 1130 1164 1160; x_wconf 70' lang='lat' dir='ltr'>Paribus</span> <span class='ocrx_word' id='word_1_532' title='bbox 1176 1134 1313 1161; x_wconf 73' lang='lat' dir='ltr'>sestertia</span> <span class='ocrx_word' id='word_1_533' title='bbox 1324 1133 1420 1170; x_wconf 63' lang='lat' dir='ltr'>lizris]</span> <span class='ocrx_word' id='word_1_534' title='bbox 1444 1133 1504 1163; x_wconf 88' lang='lat' dir='ltr'>Em</span> <span class='ocrx_word' id='word_1_535' title='bbox 1510 1139 1583 1172; x_wconf 82' lang='lat' dir='ltr'>ptus</span> <span class='ocrx_word' id='word_1_536' title='bbox 1597 1140 1642 1163; x_wconf 76' lang='lat' dir='ltr'>est</span> <span class='ocrx_word' id='word_1_537' title='bbox 1657 1135 1746 1173; x_wconf 86' lang='lat' dir='ltr'>piscis</span> <span class='ocrx_word' id='word_1_538' title='bbox 1758 1140 1821 1164; x_wconf 62' lang='lat' dir='ltr'>sex</span> 
     </span>
     <span class='ocr_line' id='line_1_90' title="bbox 992 1174 1818 1216; baseline 0.007 -15"><span class='ocrx_word' id='word_1_539' title='bbox 992 1174 1147 1211; x_wconf 86' lang='lat' dir='ltr'>millibus,</span> <span class='ocrx_word' id='word_1_540' title='bbox 1176 1184 1233 1204; x_wconf 85' lang='lat' dir='ltr'>sex</span> <span class='ocrx_word' id='word_1_541' title='bbox 1252 1176 1341 1204; x_wconf 79' lang='lat' dir='ltr'>libras</span> <span class='ocrx_word' id='word_1_542' title='bbox 1361 1176 1532 1214; x_wconf 80' lang='lat' dir='ltr'>pendebat,</span> <span class='ocrx_word' id='word_1_543' title='bbox 1556 1178 1693 1215; x_wconf 47' lang='lat' dir='ltr'>¹aequavit</span> <span class='ocrx_word' id='word_1_544' title='bbox 1719 1178 1818 1216; x_wconf 78' lang='lat' dir='ltr'>igitur.¹</span> 
     </span>
     <span class='ocr_line' id='line_1_91' title="bbox 993 1216 1818 1254; baseline 0.006 -10"><span class='ocrx_word' id='word_1_545' title='bbox 993 1217 1134 1253; x_wconf 86' lang='lat' dir='ltr'>pretium</span> <span class='ocrx_word' id='word_1_546' title='bbox 1161 1218 1302 1254; x_wconf 83' lang='lat' dir='ltr'>pondere</span> <span class='ocrx_word' id='word_1_547' title='bbox 1325 1227 1394 1247; x_wconf 83' lang='lat' dir='ltr'>suo.</span> <span class='ocrx_word' id='word_1_548' title='bbox 1430 1219 1570 1248; x_wconf 83' lang='lat' dir='ltr'>Macrob.</span> <span class='ocrx_word' id='word_1_549' title='bbox 1587 1220 1656 1249; x_wconf 91' lang='lat' dir='ltr'>loco</span> <span class='ocrx_word' id='word_1_550' title='bbox 1673 1228 1748 1249; x_wconf 83' lang='lat' dir='ltr'>mox</span> <span class='ocrx_word' id='word_1_551' title='bbox 1774 1216 1818 1250; x_wconf 79' lang='lat' dir='ltr'>ci-</span> 
     </span>
     <span class='ocr_line' id='line_1_92' title="bbox 993 1260 1816 1302; baseline 0.009 -17"><span class='ocrx_word' id='word_1_552' title='bbox 993 1263 1071 1297; x_wconf 89' lang='lat' dir='ltr'>tato,</span> <span class='ocrx_word' id='word_1_553' title='bbox 1086 1268 1127 1288; x_wconf 85' lang='lat' dir='ltr'>ex</span> <span class='ocrx_word' id='word_1_554' title='bbox 1144 1260 1248 1289; x_wconf 88' lang='lat' dir='ltr'>Plinio</span> <span class='ocrx_word' id='word_1_555' title='bbox 1263 1261 1318 1297; x_wconf 83' lang='lat' dir='ltr'>ait,</span> <span class='ocrx_word' id='word_1_556' title='bbox 1346 1270 1410 1289; x_wconf 89' lang='lat' dir='ltr'>non</span> <span class='ocrx_word' id='word_1_557' title='bbox 1425 1269 1564 1300; x_wconf 82' lang='lat' dir='ltr'>repertos</span> <span class='ocrx_word' id='word_1_558' title='bbox 1580 1263 1656 1292; x_wconf 86' lang='lat' dir='ltr'>olim</span> <span class='ocrx_word' id='word_1_559' title='bbox 1683 1263 1816 1302; x_wconf 84' lang='lat' dir='ltr'>mullos,</span> 
     </span>
     <span class='ocr_line' id='line_1_93' title="bbox 993 1301 1816 1342; baseline 0.007 -13"><span class='ocrx_word' id='word_1_560' title='bbox 993 1301 1049 1337; x_wconf 90' lang='lat' dir='ltr'>qui</span> <span class='ocrx_word' id='word_1_561' title='bbox 1078 1301 1154 1330; x_wconf 86' lang='lat' dir='ltr'>duas</span> <span class='ocrx_word' id='word_1_562' title='bbox 1186 1304 1293 1340; x_wconf 89' lang='lat' dir='ltr'>pondo</span> <span class='ocrx_word' id='word_1_563' title='bbox 1320 1303 1411 1332; x_wconf 88' lang='lat' dir='ltr'>libras</span> <span class='ocrx_word' id='word_1_564' title='bbox 1437 1305 1651 1342; x_wconf 80' lang='lat' dir='ltr'>excederent3</span> <span class='ocrx_word' id='word_1_565' title='bbox 1686 1313 1717 1334; x_wconf 84' lang='lat' dir='ltr'>at</span> <span class='ocrx_word' id='word_1_566' title='bbox 1744 1306 1816 1342; x_wconf 86' lang='lat' dir='ltr'>jam</span> 
     </span>
     <span class='ocr_line' id='line_1_94' title="bbox 991 1342 1819 1382; baseline 0.01 -11"><span class='ocrx_word' id='word_1_567' title='bbox 991 1342 1084 1382; x_wconf 69' lang='lat' dir='ltr'>longe</span> <span class='ocrx_word' id='word_1_568' title='bbox 1100 1345 1233 1381; x_wconf 80' lang='lat' dir='ltr'>majores</span> <span class='ocrx_word' id='word_1_569' title='bbox 1248 1346 1376 1375; x_wconf 86' lang='lat' dir='ltr'>minoris</span> <span class='ocrx_word' id='word_1_570' title='bbox 1393 1347 1466 1375; x_wconf 87' lang='lat' dir='ltr'>emi.</span> <span class='ocrx_word' id='word_1_571' title='bbox 1506 1347 1617 1376; x_wconf 83' lang='lat' dir='ltr'>Horat.</span> <span class='ocrx_word' id='word_1_572' title='bbox 1633 1348 1686 1376; x_wconf 78' lang='lat' dir='ltr'>lib.</span> <span class='ocrx_word' id='word_1_573' title='bbox 1702 1349 1730 1376; x_wconf 85' lang='lat'>2.</span> <span class='ocrx_word' id='word_1_574' title='bbox 1751 1349 1819 1379; x_wconf 71' lang='lat' dir='ltr'>Sat.</span> 
     </span>
     <span class='ocr_line' id='line_1_95' title="bbox 992 1385 1818 1428; baseline 0.008 -15"><span class='ocrx_word' id='word_1_575' title='bbox 992 1385 1023 1413; x_wconf 75' lang='lat'>2.</span> <span class='ocrx_word' id='word_1_576' title='bbox 1053 1387 1204 1417; x_wconf 84' lang='lat' dir='ltr'>trilibrem</span> <span class='ocrx_word' id='word_1_577' title='bbox 1222 1393 1388 1418; x_wconf 85' lang='lat' dir='ltr'>memorat.</span> <span class='ocrx_word' id='word_1_578' title='bbox 1433 1389 1505 1418; x_wconf 92' lang='lat' dir='ltr'>Hoc</span> <span class='ocrx_word' id='word_1_579' title='bbox 1521 1391 1595 1419; x_wconf 82' lang='lat' dir='ltr'>vero</span> <span class='ocrx_word' id='word_1_580' title='bbox 1619 1390 1707 1428; x_wconf 91' lang='lat' dir='ltr'>quid,</span> <span class='ocrx_word' id='word_1_581' title='bbox 1721 1391 1746 1419; x_wconf 90' lang='lat' dir='ltr'>si</span> <span class='ocrx_word' id='word_1_582' title='bbox 1762 1400 1818 1420; x_wconf 78' lang='lat' dir='ltr'>ve-</span> 
     </span>
     <span class='ocr_line' id='line_1_96' title="bbox 993 1431 1817 1468; baseline 0.008 -12"><span class='ocrx_word' id='word_1_583' title='bbox 993 1436 1064 1458; x_wconf 91' lang='lat' dir='ltr'>rum</span> <span class='ocrx_word' id='word_1_584' title='bbox 1082 1436 1128 1458; x_wconf 90' lang='lat' dir='ltr'>est</span> <span class='ocrx_word' id='word_1_585' title='bbox 1146 1431 1232 1468; x_wconf 90' lang='lat' dir='ltr'>quod</span> <span class='ocrx_word' id='word_1_586' title='bbox 1249 1439 1290 1460; x_wconf 76' lang='lat' dir='ltr'>ex</span> <span class='ocrx_word' id='word_1_587' title='bbox 1315 1431 1438 1461; x_wconf 86' lang='lat' dir='ltr'>Licinio</span> <span class='ocrx_word' id='word_1_588' title='bbox 1455 1431 1607 1461; x_wconf 83' lang='lat' dir='ltr'>Mutiano</span> <span class='ocrx_word' id='word_1_589' title='bbox 1629 1439 1732 1462; x_wconf 71' lang='lat' dir='ltr'>narrat</span> <span class='ocrx_word' id='word_1_590' title='bbox 1755 1433 1817 1463; x_wconf 84' lang='lat' dir='ltr'>Pli-</span> 
     </span>
     <span class='ocr_line' id='line_1_97' title="bbox 993 1471 1820 1513; baseline 0.01 -15"><span class='ocrx_word' id='word_1_591' title='bbox 993 1471 1065 1500; x_wconf 88' lang='lat' dir='ltr'>nius</span> <span class='ocrx_word' id='word_1_592' title='bbox 1081 1473 1177 1502; x_wconf 86' lang='lat' dir='ltr'>citato</span> <span class='ocrx_word' id='word_1_593' title='bbox 1191 1474 1244 1502; x_wconf 84' lang='lat' dir='ltr'>lib.</span> <span class='ocrx_word' id='word_1_594' title='bbox 1261 1474 1291 1504; x_wconf 81' lang='grc'>9.</span> <span class='ocrx_word' id='word_1_595' title='bbox 1306 1483 1375 1512; x_wconf 85' lang='lat' dir='ltr'>cap.</span> <span class='ocrx_word' id='word_1_596' title='bbox 1393 1473 1443 1502; x_wconf 72' lang='lat'>18.</span> <span class='ocrx_word' id='word_1_597' title='bbox 1458 1482 1590 1513; x_wconf 82' lang='lat' dir='ltr'>captum</span> <span class='ocrx_word' id='word_1_598' title='bbox 1605 1484 1671 1504; x_wconf 89' lang='lat' dir='ltr'>esse</span> <span class='ocrx_word' id='word_1_599' title='bbox 1683 1476 1715 1504; x_wconf 86' lang='lat' dir='ltr'>in</span> <span class='ocrx_word' id='word_1_600' title='bbox 1739 1474 1820 1506; x_wconf 75' lang='lat' dir='ltr'>mari</span> 
     </span>
     <span class='ocr_line' id='line_1_98' title="bbox 994 1512 1820 1556; baseline 0.007 -15"><span class='ocrx_word' id='word_1_601' title='bbox 994 1512 1103 1544; x_wconf 90' lang='lat' dir='ltr'>Rubro</span> <span class='ocrx_word' id='word_1_602' title='bbox 1119 1516 1273 1554; x_wconf 87' lang='lat' dir='ltr'>mullum,</span> <span class='ocrx_word' id='word_1_603' title='bbox 1293 1517 1350 1555; x_wconf 88' lang='lat' dir='ltr'>qui</span> <span class='ocrx_word' id='word_1_604' title='bbox 1365 1518 1530 1556; x_wconf 73' lang='lat' dir='ltr'>octoginta</span> <span class='ocrx_word' id='word_1_605' title='bbox 1542 1517 1633 1546; x_wconf 84' lang='lat' dir='ltr'>libras</span> <span class='ocrx_word' id='word_1_606' title='bbox 1644 1516 1820 1556; x_wconf 50' lang='lat' dir='ltr'>penderet?</span> 
     </span>
    </p>

    <p class='ocr_par' dir='ltr' id='par_1_26' title="bbox 994 1556 1821 1718">
     <span class='ocr_line' id='line_1_99' title="bbox 1034 1556 1819 1598; baseline 0.006 -13"><span class='ocrx_word' id='word_1_607' title='bbox 1034 1556 1194 1597; x_wconf 76' lang='lat' dir='ltr'>sestertia]</span> <span class='ocrx_word' id='word_1_608' title='bbox 1232 1558 1374 1588; x_wconf 71' lang='lat' dir='ltr'>Sestertio</span> <span class='ocrx_word' id='word_1_609' title='bbox 1399 1568 1468 1597; x_wconf 83' lang='lat' dir='ltr'>sex,</span> <span class='ocrx_word' id='word_1_610' title='bbox 1486 1569 1556 1598; x_wconf 56' lang='lat' dir='ltr'>quie</span> <span class='ocrx_word' id='word_1_611' title='bbox 1574 1562 1741 1589; x_wconf 74' lang='lat' dir='ltr'>continent</span> <span class='ocrx_word' id='word_1_612' title='bbox 1755 1560 1819 1590; x_wconf 86' lang='lat' dir='ltr'>sin·</span> 
     </span>
     <span class='ocr_line' id='line_1_100' title="bbox 994 1600 1819 1641; baseline 0.006 -13"><span class='ocrx_word' id='word_1_613' title='bbox 994 1600 1069 1639; x_wconf 87' lang='lat' dir='ltr'>gula</span> <span class='ocrx_word' id='word_1_614' title='bbox 1096 1602 1183 1631; x_wconf 88' lang='lat' dir='ltr'>mille</span> <span class='ocrx_word' id='word_1_615' title='bbox 1197 1611 1347 1631; x_wconf 88' lang='lat' dir='ltr'>nummos</span> <span class='ocrx_word' id='word_1_616' title='bbox 1363 1604 1534 1640; x_wconf 80' lang='lat' dir='ltr'>sestertios,</span> <span class='ocrx_word' id='word_1_617' title='bbox 1556 1602 1596 1632; x_wconf 84' lang='lat' dir='ltr'>de</span> <span class='ocrx_word' id='word_1_618' title='bbox 1620 1603 1738 1641; x_wconf 82' lang='lat' dir='ltr'>quibus</span> <span class='ocrx_word' id='word_1_619' title='bbox 1751 1604 1819 1640; x_wconf 81' lang='lat' dir='ltr'>jam</span> 
     </span>
     <span class='ocr_line' id='line_1_101' title="bbox 994 1643 1821 1681; baseline 0.006 -11"><span class='ocrx_word' id='word_1_620' title='bbox 994 1643 1067 1671; x_wconf 73' lang='lat' dir='ltr'>ante</span> <span class='ocrx_word' id='word_1_621' title='bbox 1083 1643 1149 1673; x_wconf 85' lang='lat' dir='ltr'>dixi</span> <span class='ocrx_word' id='word_1_622' title='bbox 1165 1645 1231 1674; x_wconf 86' lang='lat' dir='ltr'>Sat.</span> <span class='ocrx_word' id='word_1_623' title='bbox 1248 1647 1275 1674; x_wconf 87' lang='lat'>1.</span> <span class='ocrx_word' id='word_1_624' title='bbox 1299 1655 1327 1673; x_wconf 88' lang='lat' dir='ltr'>v.</span> <span class='ocrx_word' id='word_1_625' title='bbox 1352 1645 1405 1681; x_wconf 76' lang='lat'>92,</span> <span class='ocrx_word' id='word_1_626' title='bbox 1429 1646 1456 1674; x_wconf 64' lang='grc' dir='ltr'>ὅ(</span> <span class='ocrx_word' id='word_1_627' title='bbox 1476 1647 1546 1675; x_wconf 84' lang='grc'>106.</span> <span class='ocrx_word' id='word_1_628' title='bbox 1590 1646 1740 1675; x_wconf 87' lang='lat' dir='ltr'>Sestertia</span> <span class='ocrx_word' id='word_1_629' title='bbox 1759 1654 1821 1676; x_wconf 76' lang='lat' dir='ltr'>sex</span> 
     </span>
     <span class='ocr_line' id='line_1_102' title="bbox 996 1683 1743 1718; baseline 0.004 -5"><span class='ocrx_word' id='word_1_630' title='bbox 996 1683 1141 1715; x_wconf 89' lang='lat' dir='ltr'>efficiunt</span> <span class='ocrx_word' id='word_1_631' title='bbox 1157 1697 1212 1716; x_wconf 82' lang='lat' dir='ltr'>sex</span> <span class='ocrx_word' id='word_1_632' title='bbox 1228 1688 1328 1717; x_wconf 88' lang='lat' dir='ltr'>millia</span> <span class='ocrx_word' id='word_1_633' title='bbox 1343 1696 1564 1718; x_wconf 83' lang='lat' dir='ltr'>nummorum.</span> <span class='ocrx_word' id='word_1_634' title='bbox 1610 1688 1743 1718; x_wconf 83' lang='lat' dir='ltr'>Salmas.</span> 
     </span>
    </p>

    <p class='ocr_par' dir='ltr' id='par_1_27' title="bbox 995 1728 1820 1849">
     <span class='ocr_line' id='line_1_103' title="bbox 1040 1728 1820 1770; baseline 0.008 -14"><span class='ocrx_word' id='word_1_635' title='bbox 1040 1729 1089 1757; x_wconf 89' lang='grc'>17.</span> <span class='ocrx_word' id='word_1_636' title='bbox 1115 1728 1174 1762; x_wconf 63' lang='lat' dir='ltr'>Qua·</span> <span class='ocrx_word' id='word_1_637' title='bbox 1189 1731 1226 1759; x_wconf 79' lang='lat' dir='ltr'>de</span> <span class='ocrx_word' id='word_1_638' title='bbox 1241 1731 1360 1770; x_wconf 78' lang='lat' dir='ltr'>magnis</span> <span class='ocrx_word' id='word_1_639' title='bbox 1374 1732 1490 1769; x_wconf 80' lang='lat' dir='ltr'>majora</span> <span class='ocrx_word' id='word_1_640' title='bbox 1500 1730 1675 1769; x_wconf 76' lang='lat' dir='ltr'>loquuntur]</span> <span class='ocrx_word' id='word_1_641' title='bbox 1712 1730 1757 1762; x_wconf 87' lang='lat' dir='ltr'>Ut</span> <span class='ocrx_word' id='word_1_642' title='bbox 1770 1741 1820 1762; x_wconf 88' lang='lat' dir='ltr'>so-</span> 
     </span>
     <span class='ocr_line' id='line_1_104' title="bbox 995 1770 1820 1813; baseline 0.006 -14"><span class='ocrx_word' id='word_1_643' title='bbox 995 1770 1064 1799; x_wconf 88' lang='lat' dir='ltr'>lent</span> <span class='ocrx_word' id='word_1_644' title='bbox 1086 1772 1275 1810; x_wconf 82' lang='lat' dir='ltr'>adulatores,</span> <span class='ocrx_word' id='word_1_645' title='bbox 1299 1774 1354 1811; x_wconf 87' lang='lat' dir='ltr'>qui</span> <span class='ocrx_word' id='word_1_646' title='bbox 1382 1783 1428 1803; x_wconf 88' lang='lat' dir='ltr'>res</span> <span class='ocrx_word' id='word_1_647' title='bbox 1443 1783 1559 1813; x_wconf 85' lang='lat' dir='ltr'>augere</span> <span class='ocrx_word' id='word_1_648' title='bbox 1574 1774 1675 1803; x_wconf 84' lang='lat' dir='ltr'>verbis</span> <span class='ocrx_word' id='word_1_649' title='bbox 1699 1775 1820 1805; x_wconf 78' lang='lat' dir='ltr'>mirum:</span> 
     </span>
     <span class='ocr_line' id='line_1_105' title="bbox 995 1816 1300 1849; baseline 0.016 -9"><span class='ocrx_word' id='word_1_650' title='bbox 995 1819 1154 1849; x_wconf 87' lang='lat' dir='ltr'>quantum</span> <span class='ocrx_word' id='word_1_651' title='bbox 1172 1816 1300 1845; x_wconf 77' lang='lat' dir='ltr'>norunt.</span> 
     </span>
    </p>

    <p class='ocr_par' dir='ltr' id='par_1_28' title="bbox 996 1855 1820 1938">
     <span class='ocr_line' id='line_1_106' title="bbox 1040 1855 1820 1896; baseline 0.009 -13"><span class='ocrx_word' id='word_1_652' title='bbox 1040 1855 1090 1883; x_wconf 85' lang='lat'>18.</span> <span class='ocrx_word' id='word_1_653' title='bbox 1115 1855 1276 1885; x_wconf 71' lang='lat' dir='ltr'>Consilium</span> <span class='ocrx_word' id='word_1_654' title='bbox 1290 1858 1380 1886; x_wconf 69' lang='lat' dir='ltr'>laudo</span> <span class='ocrx_word' id='word_1_655' title='bbox 1395 1858 1538 1896; x_wconf 71' lang='lat' dir='ltr'>artzsscz’s]</span> <span class='ocrx_word' id='word_1_656' title='bbox 1581 1859 1760 1889; x_wconf 84' lang='lat' dir='ltr'>Toleranda.</span> <span class='ocrx_word' id='word_1_657' title='bbox 1773 1860 1820 1889; x_wconf 74' lang='lat' dir='ltr'>vi-</span> 
     </span>
     <span class='ocr_line' id='line_1_107' title="bbox 996 1897 1564 1938; baseline 0.011 -14"><span class='ocrx_word' id='word_1_658' title='bbox 996 1897 1122 1927; x_wconf 87' lang='lat' dir='ltr'>debitur</span> <span class='ocrx_word' id='word_1_659' title='bbox 1138 1899 1266 1929; x_wconf 83' lang='lat' dir='ltr'>luxuria</span> <span class='ocrx_word' id='word_1_660' title='bbox 1282 1900 1432 1938; x_wconf 77' lang='lat' dir='ltr'>Crispini,</span> <span class='ocrx_word' id='word_1_661' title='bbox 1445 1902 1481 1932; x_wconf 77' lang='lat' dir='ltr'>si.</span> <span class='ocrx_word' id='word_1_662' title='bbox 1506 1901 1564 1930; x_wconf 77' lang='lat' dir='ltr'>&amp;c.</span> 
     </span>
    </p>

    <p class='ocr_par' dir='ltr' id='par_1_29' title="bbox 997 1939 1824 2065">
     <span class='ocr_line' id='line_1_108' title="bbox 1039 1939 1824 1983; baseline 0.009 -16"><span class='ocrx_word' id='word_1_663' title='bbox 1039 1939 1168 1969; x_wconf 66' lang='lat' dir='ltr'>‚Munere</span> <span class='ocrx_word' id='word_1_664' title='bbox 1184 1942 1284 1980; x_wconf 68' lang='lat' dir='ltr'>tanto]</span> <span class='ocrx_word' id='word_1_665' title='bbox 1319 1943 1424 1972; x_wconf 84' lang='lat' dir='ltr'>Mullo</span> <span class='ocrx_word' id='word_1_666' title='bbox 1449 1944 1575 1973; x_wconf 79' lang='lat' dir='ltr'>eximiae</span> <span class='ocrx_word' id='word_1_667' title='bbox 1593 1944 1824 1983; x_wconf 70' lang='lat' dir='ltr'>magnitudinis</span> 
     </span>
     <span class='ocr_line' id='line_1_109' title="bbox 997 1982 1821 2024; baseline 0.008 -14"><span class='ocrx_word' id='word_1_668' title='bbox 997 1982 1046 2010; x_wconf 82' lang='lat' dir='ltr'>vel</span> <span class='ocrx_word' id='word_1_669' title='bbox 1064 1984 1158 2012; x_wconf 88' lang='lat' dir='ltr'>misso</span> <span class='ocrx_word' id='word_1_670' title='bbox 1177 1986 1266 2021; x_wconf 79' lang='lat' dir='ltr'>quasi</span> <span class='ocrx_word' id='word_1_671' title='bbox 1279 1994 1425 2024; x_wconf 85' lang='lat' dir='ltr'>munere,</span> <span class='ocrx_word' id='word_1_672' title='bbox 1437 1987 1488 2015; x_wconf 89' lang='lat' dir='ltr'>vel</span> <span class='ocrx_word' id='word_1_673' title='bbox 1500 1987 1646 2024; x_wconf 79' lang='lat' dir='ltr'>apposito</span> <span class='ocrx_word' id='word_1_674' title='bbox 1661 1988 1694 2016; x_wconf 88' lang='lat' dir='ltr'>in</span> <span class='ocrx_word' id='word_1_675' title='bbox 1711 1987 1821 2017; x_wconf 89' lang='lat' dir='ltr'>cibum</span> 
     </span>
     <span class='ocr_line' id='line_1_110' title="bbox 997 2025 1400 2065; baseline 0.005 -12"><span class='ocrx_word' id='word_1_676' title='bbox 997 2025 1064 2053; x_wconf 86' lang='lat' dir='ltr'>seni</span> <span class='ocrx_word' id='word_1_677' title='bbox 1079 2027 1219 2064; x_wconf 77' lang='lat' dir='ltr'>cuipiam</span> <span class='ocrx_word' id='word_1_678' title='bbox 1235 2028 1400 2065; x_wconf 86' lang='lat' dir='ltr'>opulento.</span> 
     </span>
    </p>

    <p class='ocr_par' dir='ltr' id='par_1_30' title="bbox 995 2068 1823 2226">
     <span class='ocr_line' id='line_1_111' title="bbox 1044 2068 1822 2111; baseline 0.008 -15"><span class='ocrx_word' id='word_1_679' title='bbox 1044 2068 1091 2098; x_wconf 81' lang='lat'>19.</span> <span class='ocrx_word' id='word_1_680' title='bbox 1115 2068 1301 2108; x_wconf 72' lang='lat' dir='ltr'>Praecipuum</span> <span class='ocrx_word' id='word_1_681' title='bbox 1318 2069 1349 2098; x_wconf 77' lang='lat' dir='ltr'>in</span> <span class='ocrx_word' id='word_1_682' title='bbox 1362 2074 1393 2099; x_wconf 81' lang='lat' dir='ltr'>ta</span> <span class='ocrx_word' id='word_1_683' title='bbox 1414 2070 1473 2099; x_wconf 75' lang='lat' dir='ltr'>ulis</span> <span class='ocrx_word' id='word_1_684' title='bbox 1485 2070 1596 2109; x_wconf 80' lang='lat' dir='ltr'>ceram]</span> <span class='ocrx_word' id='word_1_685' title='bbox 1620 2071 1737 2100; x_wconf 83' lang='lat' dir='ltr'>Primas</span> <span class='ocrx_word' id='word_1_686' title='bbox 1752 2082 1822 2111; x_wconf 87' lang='lat' dir='ltr'>par-</span> 
     </span>
     <span class='ocr_line' id='line_1_112' title="bbox 999 2111 1823 2150; baseline 0.007 -12"><span class='ocrx_word' id='word_1_687' title='bbox 999 2114 1044 2139; x_wconf 85' lang='lat' dir='ltr'>tes</span> <span class='ocrx_word' id='word_1_688' title='bbox 1059 2111 1093 2139; x_wconf 91' lang='lat' dir='ltr'>in</span> <span class='ocrx_word' id='word_1_689' title='bbox 1109 2118 1307 2150; x_wconf 84' lang='lat' dir='ltr'>testamento,</span> <span class='ocrx_word' id='word_1_690' title='bbox 1325 2114 1372 2142; x_wconf 83' lang='lat' dir='ltr'>vel</span> <span class='ocrx_word' id='word_1_691' title='bbox 1391 2114 1500 2143; x_wconf 79' lang='lat' dir='ltr'>unicas</span> <span class='ocrx_word' id='word_1_692' title='bbox 1522 2114 1648 2150; x_wconf 85' lang='lat' dir='ltr'>meruit,</span> <span class='ocrx_word' id='word_1_693' title='bbox 1665 2115 1762 2143; x_wconf 80' lang='lat' dir='ltr'>haeres</span> <span class='ocrx_word' id='word_1_694' title='bbox 1778 2124 1823 2145; x_wconf 80' lang='lat' dir='ltr'>ex</span> 
     </span>
     <span class='ocr_line' id='line_1_113' title="bbox 998 2154 1821 2196; baseline 0.005 -15"><span class='ocrx_word' id='word_1_695' title='bbox 998 2162 1063 2182; x_wconf 84' lang='lat' dir='ltr'>asse</span> <span class='ocrx_word' id='word_1_696' title='bbox 1075 2154 1253 2193; x_wconf 83' lang='lat' dir='ltr'>institutus,</span> <span class='ocrx_word' id='word_1_697' title='bbox 1269 2165 1306 2185; x_wconf 85' lang='lat' dir='ltr'>eo</span> <span class='ocrx_word' id='word_1_698' title='bbox 1322 2156 1417 2185; x_wconf 85' lang='lat' dir='ltr'>modo</span> <span class='ocrx_word' id='word_1_699' title='bbox 1433 2166 1498 2194; x_wconf 92' lang='lat' dir='ltr'>quo</span> <span class='ocrx_word' id='word_1_700' title='bbox 1513 2156 1635 2186; x_wconf 82' lang='lat' dir='ltr'>dictum</span> <span class='ocrx_word' id='word_1_701' title='bbox 1647 2157 1741 2196; x_wconf 71' lang='lat' dir='ltr'>supra</span> <span class='ocrx_word' id='word_1_702' title='bbox 1755 2157 1821 2187; x_wconf 76' lang='lat' dir='ltr'>Sat.</span> 
     </span>
     <span class='ocr_line' id='line_1_114' title="bbox 995 2196 1145 2226; baseline 0.013 -2"><span class='ocrx_word' id='word_1_703' title='bbox 995 2196 1027 2225; x_wconf 72' lang='lat'>2.</span> <span class='ocrx_word' id='word_1_704' title='bbox 1051 2206 1079 2225; x_wconf 78' lang='lat' dir='ltr'>v.</span> <span class='ocrx_word' id='word_1_705' title='bbox 1096 2197 1145 2226; x_wconf 80' lang='lat'>58.</span> 
     </span>
    </p>

    <p class='ocr_par' dir='ltr' id='par_1_31' title="bbox 995 2239 1822 2363">
     <span class='ocr_line' id='line_1_115' title="bbox 1038 2239 1822 2280; baseline 0.008 -13"><span class='ocrx_word' id='word_1_706' title='bbox 1038 2239 1089 2268; x_wconf 76' lang='lat'>20.</span> <span class='ocrx_word' id='word_1_707' title='bbox 1108 2239 1234 2280; x_wconf 68' lang='lat' dir='ltr'>DIagnoe</span> <span class='ocrx_word' id='word_1_708' title='bbox 1248 2241 1275 2269; x_wconf 78' lang='lat' dir='ltr'>si</span> <span class='ocrx_word' id='word_1_709' title='bbox 1288 2242 1370 2270; x_wconf 79' lang='lat' dir='ltr'>misit</span> <span class='ocrx_word' id='word_1_710' title='bbox 1386 2241 1500 2279; x_wconf 80' lang='lat' dir='ltr'>amicoe]</span> <span class='ocrx_word' id='word_1_711' title='bbox 1525 2241 1603 2278; x_wconf 86' lang='lat' dir='ltr'>Ejus</span> <span class='ocrx_word' id='word_1_712' title='bbox 1614 2240 1662 2270; x_wconf 85' lang='lat' dir='ltr'>vel</span> <span class='ocrx_word' id='word_1_713' title='bbox 1679 2251 1822 2273; x_wconf 87' lang='lat' dir='ltr'>amorem</span> 
     </span>
     <span class='ocr_line' id='line_1_116' title="bbox 995 2284 1821 2321; baseline 0.006 -11"><span class='ocrx_word' id='word_1_714' title='bbox 995 2290 1125 2321; x_wconf 83' lang='lat' dir='ltr'>captans</span> <span class='ocrx_word' id='word_1_715' title='bbox 1139 2284 1190 2312; x_wconf 80' lang='lat' dir='ltr'>vel</span> <span class='ocrx_word' id='word_1_716' title='bbox 1212 2284 1438 2314; x_wconf 54' lang='lat' dir='ltr'>haereditatem.</span> <span class='ocrx_word' id='word_1_717' title='bbox 1482 2284 1563 2313; x_wconf 87' lang='lat' dir='ltr'>Vide</span> <span class='ocrx_word' id='word_1_718' title='bbox 1587 2285 1652 2313; x_wconf 93' lang='lat' dir='ltr'>Sat.</span> <span class='ocrx_word' id='word_1_719' title='bbox 1669 2286 1696 2312; x_wconf 90' lang='lat'>1.</span> <span class='ocrx_word' id='word_1_720' title='bbox 1723 2293 1752 2313; x_wconf 86' lang='lat' dir='ltr'>v.</span> <span class='ocrx_word' id='word_1_721' title='bbox 1769 2286 1821 2315; x_wconf 78' lang='lat'>37.</span> 
     </span>
     <span class='ocr_line' id='line_1_117' title="bbox 996 2325 1106 2363; baseline 0.018 -11"><span class='ocrx_word' id='word_1_722' title='bbox 996 2325 1024 2352; x_wconf 59' lang='lat' dir='ltr'>Sc</span> <span class='ocrx_word' id='word_1_723' title='bbox 1040 2325 1106 2363; x_wconf 77' lang='lat' dir='ltr'>seq.</span> 
     </span>
    </p>

    <p class='ocr_par' dir='ltr' id='par_1_32' title="bbox 993 2367 1820 2611">
     <span class='ocr_line' id='line_1_118' title="bbox 1035 2367 1819 2406; baseline 0.006 -11"><span class='ocrx_word' id='word_1_724' title='bbox 1035 2368 1086 2397; x_wconf 81' lang='lat'>21.</span> <span class='ocrx_word' id='word_1_725' title='bbox 1113 2367 1184 2401; x_wconf 73' lang='lat' dir='ltr'>Quoe</span> <span class='ocrx_word' id='word_1_726' title='bbox 1207 2369 1327 2398; x_wconf 77' lang='lat' dir='ltr'>vehitur</span> <span class='ocrx_word' id='word_1_727' title='bbox 1346 2368 1457 2406; x_wconf 76' lang='lat' dir='ltr'>clauso,</span> <span class='ocrx_word' id='word_1_728' title='bbox 1471 2368 1535 2406; x_wconf 64' lang='grc' dir='ltr'><strong><em>ᾅςικ]</em></strong></span> <span class='ocrx_word' id='word_1_729' title='bbox 1573 2367 1691 2405; x_wconf 74' lang='lat' dir='ltr'>Magna</span> <span class='ocrx_word' id='word_1_730' title='bbox 1706 2370 1734 2398; x_wconf 54' lang='grc' dir='ltr'>ἃ*</span> <span class='ocrx_word' id='word_1_731' title='bbox 1751 2379 1819 2400; x_wconf 90' lang='lat' dir='ltr'>am-</span> 
     </span>
     <span class='ocr_line' id='line_1_119' title="bbox 993 2409 1820 2450; baseline 0.008 -13"><span class='ocrx_word' id='word_1_732' title='bbox 993 2409 1045 2450; x_wconf 66' lang='lat' dir='ltr'>pla</span> <span class='ocrx_word' id='word_1_733' title='bbox 1058 2411 1168 2440; x_wconf 72' lang='lat' dir='ltr'>lectica</span> <span class='ocrx_word' id='word_1_734' title='bbox 1181 2413 1323 2450; x_wconf 89' lang='lat' dir='ltr'>undique</span> <span class='ocrx_word' id='word_1_735' title='bbox 1338 2410 1441 2440; x_wconf 75' lang='lat' dir='ltr'>clausa</span> <span class='ocrx_word' id='word_1_736' title='bbox 1455 2422 1464 2449; x_wconf 79' lang='lat'><em>3</em></span> <span class='ocrx_word' id='word_1_737' title='bbox 1481 2410 1697 2450; x_wconf 86' lang='lat' dir='ltr'>specularibus</span> <span class='ocrx_word' id='word_1_738' title='bbox 1707 2419 1820 2444; x_wconf 85' lang='lat' dir='ltr'>autem</span> 
     </span>
     <span class='ocr_line' id='line_1_120' title="bbox 994 2453 1818 2494; baseline 0.006 -14"><span class='ocrx_word' id='word_1_739' title='bbox 994 2453 1165 2494; x_wconf 69' lang='lat' dir='ltr'>pellucida.</span> <span class='ocrx_word' id='word_1_740' title='bbox 1212 2456 1263 2484; x_wconf 79' lang='lat' dir='ltr'>Sic</span> <span class='ocrx_word' id='word_1_741' title='bbox 1277 2455 1361 2484; x_wconf 87' lang='lat' dir='ltr'>enirn</span> <span class='ocrx_word' id='word_1_742' title='bbox 1375 2454 1523 2483; x_wconf 89' lang='lat' dir='ltr'>mulieres</span> <span class='ocrx_word' id='word_1_743' title='bbox 1538 2454 1679 2482; x_wconf 61' lang='lat' dir='ltr'>delicatae</span> <span class='ocrx_word' id='word_1_744' title='bbox 1693 2461 1818 2494; x_wconf 84' lang='lat' dir='ltr'>ventos,</span> 
     </span>
     <span class='ocr_line' id='line_1_121' title="bbox 994 2495 1818 2536; baseline 0.004 -12"><span class='ocrx_word' id='word_1_745' title='bbox 994 2497 1173 2536; x_wconf 81' lang='lat' dir='ltr'>pulverem,</span> <span class='ocrx_word' id='word_1_746' title='bbox 1199 2499 1228 2526; x_wconf 67' lang='lat' dir='ltr'>Sc</span> <span class='ocrx_word' id='word_1_747' title='bbox 1256 2497 1353 2535; x_wconf 85' lang='lat' dir='ltr'>frigus</span> <span class='ocrx_word' id='word_1_748' title='bbox 1376 2495 1592 2525; x_wconf 78' lang='lat' dir='ltr'>excludebant</span> <span class='ocrx_word' id='word_1_749' title='bbox 1615 2497 1739 2526; x_wconf 85' lang='lat' dir='ltr'>sani·ati</span> <span class='ocrx_word' id='word_1_750' title='bbox 1762 2507 1818 2535; x_wconf 87' lang='lat' dir='ltr'>pa-</span> 
     </span>
     <span class='ocr_line' id='line_1_122' title="bbox 995 2538 1819 2579; baseline -0.002 -10"><span class='ocrx_word' id='word_1_751' title='bbox 995 2541 1068 2569; x_wconf 82' lang='lat' dir='ltr'>riter</span> <span class='ocrx_word' id='word_1_752' title='bbox 1097 2541 1125 2568; x_wconf 74' lang='grc' dir='ltr'>ὃε</span> <span class='ocrx_word' id='word_1_753' title='bbox 1153 2539 1382 2579; x_wconf 81' lang='lat' dir='ltr'>pulchritudini</span> <span class='ocrx_word' id='word_1_754' title='bbox 1396 2538 1610 2568; x_wconf 81' lang='lat' dir='ltr'>consulentes.</span> <span class='ocrx_word' id='word_1_755' title='bbox 1656 2538 1679 2566; x_wconf 83' lang='lat' dir='ltr'>V</span> <span class='ocrx_word' id='word_1_756' title='bbox 1686 2539 1736 2568; x_wconf 90' lang='lat' dir='ltr'>ide</span> <span class='ocrx_word' id='word_1_757' title='bbox 1752 2541 1819 2570; x_wconf 86' lang='lat' dir='ltr'>Sat.</span> 
     </span>
     <span class='ocr_line' id='line_1_123' title="bbox 995 2581 1134 2611; baseline 0 0"><span class='ocrx_word' id='word_1_758' title='bbox 995 2584 1022 2611; x_wconf 93' lang='lat'>1.</span> <span class='ocrx_word' id='word_1_759' title='bbox 1038 2591 1066 2610; x_wconf 90' lang='lat' dir='ltr'>v.</span> <span class='ocrx_word' id='word_1_760' title='bbox 1084 2581 1134 2611; x_wconf 82' lang='lat'>65.</span> 
     </span>
    </p>

    <p class='ocr_par' dir='ltr' id='par_1_33' title="bbox 994 2623 1817 2833">
     <span class='ocr_line' id='line_1_124' title="bbox 1034 2623 1816 2663; baseline 0.003 -11"><span class='ocrx_word' id='word_1_761' title='bbox 1034 2624 1255 2663; x_wconf 79' lang='lat' dir='ltr'>Specularibus]</span> <span class='ocrx_word' id='word_1_762' title='bbox 1281 2624 1369 2654; x_wconf 85' lang='lat' dir='ltr'>Sicut</span> <span class='ocrx_word' id='word_1_763' title='bbox 1384 2632 1440 2654; x_wconf 89' lang='lat' dir='ltr'>nos</span> <span class='ocrx_word' id='word_1_764' title='bbox 1450 2623 1466 2652; x_wconf 79' lang='grc' dir='ltr'>ὲ·</span> <span class='ocrx_word' id='word_1_765' title='bbox 1479 2624 1571 2661; x_wconf 79' lang='lat' dir='ltr'>vitro,</span> <span class='ocrx_word' id='word_1_766' title='bbox 1585 2624 1628 2653; x_wconf 90' lang='lat' dir='ltr'>sic</span> <span class='ocrx_word' id='word_1_767' title='bbox 1637 2630 1758 2654; x_wconf 73' lang='lat' dir='ltr'>veteres</span> <span class='ocrx_word' id='word_1_768' title='bbox 1771 2624 1816 2654; x_wconf 87' lang='lat' dir='ltr'>fe-</span> 
     </span>
     <span class='ocr_line' id='line_1_125' title="bbox 994 2667 1817 2705; baseline 0.001 -9"><span class='ocrx_word' id='word_1_769' title='bbox 994 2673 1111 2697; x_wconf 81' lang='lat' dir='ltr'>nestras</span> <span class='ocrx_word' id='word_1_770' title='bbox 1126 2668 1283 2698; x_wconf 87' lang='lat' dir='ltr'>faciebant</span> <span class='ocrx_word' id='word_1_771' title='bbox 1300 2668 1316 2695; x_wconf 71' lang='grc' dir='ltr'>ὲ</span> <span class='ocrx_word' id='word_1_772' title='bbox 1331 2667 1486 2704; x_wconf 86' lang='lat' dir='ltr'>speculari</span> <span class='ocrx_word' id='word_1_773' title='bbox 1501 2667 1616 2705; x_wconf 79' lang='lat' dir='ltr'>lapide,</span> <span class='ocrx_word' id='word_1_774' title='bbox 1631 2667 1688 2704; x_wconf 92' lang='lat' dir='ltr'>qui</span> <span class='ocrx_word' id='word_1_775' title='bbox 1702 2672 1817 2697; x_wconf 87' lang='lat' dir='ltr'>tenues</span> 
     </span>
     <span class='ocr_line' id='line_1_126' title="bbox 995 2709 1817 2748; baseline 0 -10"><span class='ocrx_word' id='word_1_776' title='bbox 995 2710 1028 2739; x_wconf 90' lang='lat' dir='ltr'>in</span> <span class='ocrx_word' id='word_1_777' title='bbox 1042 2717 1160 2739; x_wconf 86' lang='lat' dir='ltr'>crustas</span> <span class='ocrx_word' id='word_1_778' title='bbox 1173 2710 1262 2739; x_wconf 68' lang='lat' dir='ltr'>facile</span> <span class='ocrx_word' id='word_1_779' title='bbox 1278 2709 1418 2740; x_wconf 76' lang='lat' dir='ltr'>finditur.</span> <span class='ocrx_word' id='word_1_780' title='bbox 1454 2709 1535 2738; x_wconf 90' lang='lat' dir='ltr'>Plin.</span> <span class='ocrx_word' id='word_1_781' title='bbox 1550 2709 1604 2738; x_wconf 89' lang='lat' dir='ltr'>lib.</span> <span class='ocrx_word' id='word_1_782' title='bbox 1619 2709 1670 2738; x_wconf 66' lang='lat'>36.</span> <span class='ocrx_word' id='word_1_783' title='bbox 1684 2711 1817 2748; x_wconf 77' lang='lat' dir='ltr'>cap.22.</span> 
     </span>
     <span class='ocr_line' id='line_1_127' title="bbox 996 2752 1816 2791; baseline -0.001 -10"><span class='ocrx_word' id='word_1_784' title='bbox 996 2754 1105 2781; x_wconf 87' lang='lat' dir='ltr'>Senec.</span> <span class='ocrx_word' id='word_1_785' title='bbox 1133 2753 1233 2791; x_wconf 83' lang='lat' dir='ltr'>Epist.</span> <span class='ocrx_word' id='word_1_786' title='bbox 1248 2753 1299 2783; x_wconf 82' lang='lat'>90.</span> <span class='ocrx_word' id='word_1_787' title='bbox 1328 2759 1351 2781; x_wconf 52' lang='lat' dir='ltr'>tx</span> <span class='ocrx_word' id='word_1_788' title='bbox 1369 2753 1409 2781; x_wconf 83' lang='lat' dir='ltr'>de</span> <span class='ocrx_word' id='word_1_789' title='bbox 1422 2752 1630 2781; x_wconf 81' lang='lat' dir='ltr'>Providentia.</span> <span class='ocrx_word' id='word_1_790' title='bbox 1672 2752 1705 2782; x_wconf 86' lang='lat' dir='ltr'>J.</span> <span class='ocrx_word' id='word_1_791' title='bbox 1729 2752 1816 2791; x_wconf 87' lang='lat' dir='ltr'>Lips.</span> 
     </span>
     <span class='ocr_line' id='line_1_128' title="bbox 995 2794 1699 2833; baseline -0.001 -10"><span class='ocrx_word' id='word_1_792' title='bbox 995 2795 1028 2824; x_wconf 91' lang='lat' dir='ltr'>in</span> <span class='ocrx_word' id='word_1_793' title='bbox 1043 2794 1153 2824; x_wconf 91' lang='lat' dir='ltr'>Senec.</span> <span class='ocrx_word' id='word_1_794' title='bbox 1168 2794 1305 2824; x_wconf 82' lang='lat' dir='ltr'>Martial.</span> <span class='ocrx_word' id='word_1_795' title='bbox 1319 2794 1372 2824; x_wconf 86' lang='lat' dir='ltr'>lib.</span> <span class='ocrx_word' id='word_1_796' title='bbox 1388 2795 1416 2823; x_wconf 83' lang='grc'>8.</span> <span class='ocrx_word' id='word_1_797' title='bbox 1434 2794 1630 2833; x_wconf 84' lang='lat' dir='ltr'>Epigramm.</span> <span class='ocrx_word' id='word_1_798' title='bbox 1649 2796 1699 2823; x_wconf 87' lang='lat'>14.</span> 
     </span>
    </p>

    <p class='ocr_par' dir='ltr' id='par_1_34' title="bbox 1078 2837 1733 2918">
     <span class='ocr_line' id='line_1_129' title="bbox 1078 2837 1733 2876; baseline -0.005 -10"><span class='ocrx_word' id='word_1_799' title='bbox 1078 2837 1228 2875; x_wconf 75' lang='lat' dir='ltr'>Hyberm&#39;s</span> <span class='ocrx_word' id='word_1_800' title='bbox 1243 2848 1267 2865; x_wconf 47' lang='lat' dir='ltr'>os</span> <span class='ocrx_word' id='word_1_801' title='bbox 1270 2838 1356 2876; x_wconf 77' lang='lat' dir='ltr'>jecta</span> <span class='ocrx_word' id='word_1_802' title='bbox 1370 2837 1450 2866; x_wconf 81' lang='lat' dir='ltr'>notis</span> <span class='ocrx_word' id='word_1_803' title='bbox 1463 2837 1631 2875; x_wconf 76' lang='lat' dir='ltr'>specularia</span> <span class='ocrx_word' id='word_1_804' title='bbox 1640 2844 1733 2874; x_wconf 74' lang='lat' dir='ltr'>puros</span> 
     </span>
     <span class='ocr_line' id='line_1_130' title="bbox 1120 2879 1715 2918; baseline -0.003 -10"><span class='ocrx_word' id='word_1_805' title='bbox 1120 2880 1299 2909; x_wconf 81' lang='lat' dir='ltr'>Admittunt</span> <span class='ocrx_word' id='word_1_806' title='bbox 1313 2880 1403 2917; x_wconf 80' lang='lat' dir='ltr'>Soles,</span> <span class='ocrx_word' id='word_1_807' title='bbox 1420 2881 1443 2918; x_wconf 55' lang='grc' dir='ltr'>ξ·</span> <span class='ocrx_word' id='word_1_808' title='bbox 1457 2880 1521 2908; x_wconf 82' lang='lat' dir='ltr'>sine</span> <span class='ocrx_word' id='word_1_809' title='bbox 1527 2880 1610 2916; x_wconf 81' lang='lat' dir='ltr'>foece</span> <span class='ocrx_word' id='word_1_810' title='bbox 1628 2879 1715 2907; x_wconf 81' lang='lat' dir='ltr'>diem.</span> 
     </span>
    </p>

    <p class='ocr_par' dir='ltr' id='par_1_35' title="bbox 993 2921 1818 3047">
     <span class='ocr_line' id='line_1_131' title="bbox 1036 2921 1818 2961; baseline -0.003 -11"><span class='ocrx_word' id='word_1_811' title='bbox 1036 2922 1087 2950; x_wconf 77' lang='lat'>22.</span> <span class='ocrx_word' id='word_1_812' title='bbox 1109 2921 1168 2950; x_wconf 80' lang='lat' dir='ltr'>Nil</span> <span class='ocrx_word' id='word_1_813' title='bbox 1184 2922 1247 2951; x_wconf 79' lang='lat' dir='ltr'>tale</span> <span class='ocrx_word' id='word_1_814' title='bbox 1261 2921 1426 2961; x_wconf 73' lang='lat' dir='ltr'>exspectes]</span> <span class='ocrx_word' id='word_1_815' title='bbox 1461 2922 1507 2951; x_wconf 85' lang='lat' dir='ltr'>At</span> <span class='ocrx_word' id='word_1_816' title='bbox 1522 2922 1602 2951; x_wconf 89' lang='lat' dir='ltr'>nihil</span> <span class='ocrx_word' id='word_1_817' title='bbox 1615 2922 1750 2950; x_wconf 83' lang='lat' dir='ltr'>istorum</span> <span class='ocrx_word' id='word_1_818' title='bbox 1763 2926 1818 2949; x_wconf 76' lang='lat' dir='ltr'>vo-</span> 
     </span>
     <span class='ocr_line' id='line_1_132' title="bbox 993 2962 1817 3004; baseline 0.002 -12"><span class='ocrx_word' id='word_1_819' title='bbox 993 2964 1054 2993; x_wconf 87' lang='lat' dir='ltr'>luit</span> <span class='ocrx_word' id='word_1_820' title='bbox 1070 2963 1246 3003; x_wconf 82' lang='lat' dir='ltr'>Crispinus,</span> <span class='ocrx_word' id='word_1_821' title='bbox 1261 2967 1319 2995; x_wconf 86' lang='lat' dir='ltr'>uni</span> <span class='ocrx_word' id='word_1_822' title='bbox 1334 2966 1409 2995; x_wconf 72' lang='lat' dir='ltr'>vero</span> <span class='ocrx_word' id='word_1_823' title='bbox 1421 2974 1486 2997; x_wconf 85' lang='lat' dir='ltr'>suae</span> <span class='ocrx_word' id='word_1_824' title='bbox 1502 2964 1584 3004; x_wconf 76' lang='lat' dir='ltr'>gulae</span> <span class='ocrx_word' id='word_1_825' title='bbox 1601 2962 1746 3003; x_wconf 67' lang='lat' dir='ltr'>indulsit,</span> <span class='ocrx_word' id='word_1_826' title='bbox 1759 2971 1817 2994; x_wconf 59' lang='lat' dir='ltr'>exo</span> 
     </span>
     <span class='ocr_line' id='line_1_133' title="bbox 994 3006 1388 3047; baseline 0.003 -11"><span class='ocrx_word' id='word_1_827' title='bbox 994 3006 1122 3045; x_wconf 87' lang='lat' dir='ltr'>quisitas</span> <span class='ocrx_word' id='word_1_828' title='bbox 1133 3007 1228 3047; x_wconf 88' lang='lat' dir='ltr'>dapes</span> <span class='ocrx_word' id='word_1_829' title='bbox 1240 3008 1388 3040; x_wconf 83' lang='lat' dir='ltr'>emendo.</span> 
     </span>
    </p>
   </div>
  </div>
 </body>
</html>
