1948 3281
615 73 642 116 J
647 73 817 117 UVEN
822 72 955 116 ALIS

110 167 213 220 Die,
235 181 385 223 passer,
409 164 476 208 cui
499 173 560 206 tot
577 174 757 215 montes,
782 172 840 205 tot
864 163 1014 219 praedia
1036 178 1167 206 servas

109 228 292 281 Appula,
317 235 379 265 tot
400 223 548 264 milvos
572 223 677 264 intra
696 233 765 263 tua
788 237 937 277 pascua
958 222 1114 263 lassos?
1256 222 1278 261 5

109 285 171 325 Te
200 284 416 325 l'rit'olinus
439 296 532 337 ager
552 280 760 323 foecundis
782 281 930 321 vitibus
955 279 1113 334 implet,

111 343 443 396 Suspectumque
459 340 611 395 jugum
638 338 805 389 Cimini,
831 338 871 378 ὅτ.
893 338 1058 379 Gaurus
1076 335 1225 378 inanis.

109 399 221 440 Nam
246 398 337 453 quis
362 398 474 452 plura
499 398 587 438 linit
609 398 767 438 victuro
790 395 898 436 dolia
919 396 1087 436 musto?

109 456 328 513 Quantum
350 467 432 496 erat
454 455 638 496 exhausti
666 454 828 494 lumbos
846 454 995 494 donare
1017 452 1179 494 clientis

994 72 1214 117 SATIRA
1250 73 1331 118 IX.
1769 72 1846 119 167

1325 163 1474 202 Loquere,
1485 165 1670 202 passer-culo,
1685 164 1841 194 pecuinam

1285 222 1308 261 5
1326 217 1459 236 reservas
1481 210 1525 235 tot
1547 211 1672 244 montes,
1697 211 1741 236 tot
1766 208 1838 236 lali-

1315 249 1436 287 fundia
1460 250 1494 279 in
1518 249 1641 289 Apu'ia,
1668 254 1711 278 tot
1736 251 1840 279 milvos

1268 308 1272 312 ·
1325 293 1409 322 intra
1439 302 1557 331 pascua
1587 297 1640 322 tua
1678 292 1839 329 defessos?

1328 335 1462 375 Campus
1491 335 1658 374 Trtfolinus
1687 338 1716 363 te
1746 337 1841 374 replet

1326 379 1421 409 vineis
1435 378 1599 415 fertilibus
1611 380 1634 415 ‘S'
1650 381 1753 407 vertex
1776 378 1840 408 (su-

1327 423 1384 452 mis
1402 422 1634 460 formidolosus,
1664 423 1686 459 ιδ·
1717 421 1841 450 Gaurus

1326 476 1448 495 vacuus.
1494 465 1612 504 Ecquis
1636 465 1712 493 enim
1736 464 1843 502 plures

107 514 330 569 Jugmbus
354 514 522 568 paucis?
562 512 767 554 Meliusnc
792 511 855 552 hic
880 511 1055 552 rusticus
1078 510 1212 552 infans
1259 509 1392 551 602'2'212'
1415 509 1555 539 duraturi
1579 508 1669 538 cadvs
1691 507 1811 546 inungit
1826 507 1842 535 ·'

112 571 226 613 Cum
253 583 394 621 matre,
422 574 460 611 &
482 572 647 621 casulis,
672 571 712 611 ὅτ.
734 584 831 610 cum
849 568 983 610 lusore
1005 568 1150 609 catello

115 629 320 684 Cymbala
342 631 540 684 pulsantis
566 630 742 684 legatum
768 627 834 668 fiet
860 626 1012 668 amici?

112 687 335 741 Improbus
358 702 414 736 ες,
441 688 537 727 cum
564 685 715 740 poscis,
734 685 814 735 ait;
848 685 918 725 sed
941 682 1083 739 pensio
1107 682 1274 735 clamat,

112 745 243 785 Posce
263 761 272 785 ε
308 746 376 786 sed
400 744 571 799 appellat
596 758 693 798 puer
714 742 878 792 unicus,
901 752 943 782 ut
970 740 1214 797 Polyphemi

112 803 217 844 Lata
238 803 359 853 acics,
386 817 453 856 per
475 816 599 856 quam
623 800 746 841 solers
767 799 891 840 evasit
908 799 1106 854 Ulysses:

1331 554 1429 586 Quam
1445 551 1713 593 magnumbl'uz'sset
1726 550 1843 589 aliquot

1319 596 1438 637 jugera
1453 596 1525 624 dare
1540 594 1662 624 asset-le
1686 594 1814 633 spoliato
1825 594 1841 622 ‚2’

1329 640 1379 669 An
1392 640 1443 669 ille
1459 639 1590 679 agrestis
1607 648 1686 676 puer
1706 647 1771 666 cum
1783 647 1842 675 pa-

1327 687 1412 712 rente
1447 692 1483 711 ac
1513 679 1688 722 tuguriolis,
1717 690 1845 719 cumque

1327 736 1403 755 cane
1419 726 1598 763 colludeme,
1622 724 1722 753 votius
1736 723 1845 762 efficie-

1295 800 1310 808 -
1329 773 1379 799 tur
1393 767 1708 808 legattmzfamiliaris
1724 771 1845 807 tympa-

1291 813 1313 839 ε)
1331 823 1371 842 na
1392 808 1620 851 percutientis?
1646 810 1800 840 Molestus
1815 820 1847 839 es

114 867 236 899 quando
248 861 341 900 petite,
363 861 468 899 inquit
487 860 594 898 Virro3
616 863 650 888 at
665 858 774 888 solutio
789 858 932 887 facienda
946 857 1248 897 t=oc{f}2ralur,pece;
1270 861 1305 888 at
1320 859 1409 887 vocat
1420 854 1567 893 famulus
1579 856 1671 891 solus,
1686 854 1764 884 sicut
1781 863 1850 883 ocu·

115 905 163 933 lus
178 905 286 944 ingens
297 902 483 943 Polyphemi,
494 912 553 942 per
568 912 654 942 quem
670 901 793 941 elapsus
808 905 853 930 est
872 899 992 940 Ulysses
1005 901 1133 931 callidus
1143 912 1153 929 :

117 1064 246 1099 peracto
261 1057 411 1090 sacrificio
427 1057 578 1088 Pontifex
595 1056 708 1095 calata,
724 1057 756 1087 id
773 1061 831 1095 est,
847 1057 960 1088 vocata

115 1103 150 1134 in
166 1103 364 1142 Capitolium
389 1103 495 1142 plebe,
518 1108 598 1140 quot
614 1102 679 1132 dies
703 1101 719 1130 a
744 1100 898 1131 Kalendis
921 1101 960 1130 ad

107 1145 229 1177 'Nonas
245 1153 449 1186 superessent
474 1145 717 1184 pronuntiabat,
743 1145 800 1173 ἃς.
845 1144 961 1184 Itaque

117 1188 280 1220 Kalendas
297 1190 400 1219 vocari
417 1190 539 1228 placuit
556 1189 699 1227 primum
714 1197 756 1217 ex
771 1187 832 1216 illis
849 1187 961 1218 diebus

119 1234 178 1272 qui
191 1235 379 1263 calarentur.
424 1232 510 1262 Vide
523 1231 667 1262 Macrob.
679 1231 734 1261 lib.
755 1233 780 1260 l.
800 1231 958 1262 Saturnal.

118 1285 179 1315 cap
215 1278 263 1306 12.
280 1277 308 1306 ἂ
330 1278 378 1306 15.

164 1321 214 1350 54.
239 1320 314 1357 Dic,
325 1318 448 1358 passer]
476 1318 629 1349 Naevolus
652 1318 692 1347 de
717 1318 855 1348 Virrone
871 1328 963 1349 avaro

118 1362 210 1392 haec:
237 1364 267 1393 Ο
293 1371 393 1393 senex
412 1363 526 1392 lascive
549 1363 578 1391 δι
600 1361 688 1391 salax
703 1362 800 1391 instar
823 1362 964 1401 passeris,

119 1405 184 1444 dic,
199 1407 256 1436 &c.
304 1406 443 1436 Passeres
457 1405 492 1436 in
509 1406 674 1435 Venerem
689 1414 803 1443 pronas
818 1414 884 1435 esse
897 1406 962 1434 avi-

118 1448 219 1488 culas,
238 1458 376 1489 quarum
395 1457 467 1479 esus
481 1449 579 1478 etiam
594 1448 633 1477 ad
647 1448 815 1478 libidinem
831 1449 963 1487 excitet,

119 1502 157 1522 ac
171 1492 306 1531 proinde
320 1493 455 1522 Veneris
471 1501 602 1522 currum
619 1492 658 1521 ab
677 1492 722 1521 his
737 1492 832 1527 trahi,
856 1492 964 1523 scribit

120 1535 243 1565 Athen.
258 1536 312 1566 lib.
327 1536 356 1567 9.
377 1546 446 1574 cap.
469 1537 518 1566 10.
533 1535 709 1575 passeribus
722 1541 834 1565 notam
850 1536 964 1575 volup-

121 1583 223 1608 tatem
250 1588 316 1609 esse
338 1580 383 1609 ait
406 1579 476 1609 Cic.
500 1580 530 1608 2.
555 1579 594 1608 de
610 1578 755 1608 Finib.c.
775 1579 825 1609 75.
871 1577 964 1609 Idem

120 1620 255 1659 Plinius,
271 1628 366 1661 ..tque
382 1622 422 1652 ob
432 1622 628 1652 salacitatem
643 1621 748 1652 minus
764 1622 886 1652 vivaces
899 1632 966 1654 esse

121 1668 269 1702 testatur,
287 1665 342 1695 lib.
360 1667 409 1694 10.
423 1675 492 1704 cap.
513 1665 562 1694 236.

165 1707 309 1746 Montes]
337 1707 451 1737 Vincis
466 1708 618 1738 consitos.

166 1752 218 1781 55.
254 1749 396 1792 Appula]
431 1751 567 1790 Apulia,
592 1751 703 1782 fertilis
731 1751 830 1783 Italiae
869 1753 966 1792 regio,

121 1795 252 1833 pascuis
275 1796 374 1824 etiam
398 1795 484 1831 laeta,
513 1803 600 1824 nunc
628 1795 812 1826 continetur
837 1795 965 1835 Capita-

123 1838 200 1868 nata
218 1839 245 1868 ἅ
264 1843 353 1876 parte
370 1837 554 1867 Basilicatae.

169 1881 225 1911 Tol
240 1880 345 1910 milvos
362 1880 455 1917 intra,
481 1880 546 1919 ξω]
582 1882 682 1921 Agros
698 1885 763 1911 tam
778 1881 873 1922 longe
888 1882 967 1912 late-

123 1933 190 1964 que
206 1930 366 1963 patentes‚
385 1932 466 1963 quos
482 1924 570 1953 milvi
585 1925 758 1954 oberrando
773 1935 809 1954 ac
825 1930 966 1956 transvo-

122 1967 219 1997 lando
236 1967 419 2007 fatigentur.
469 1966 550 1996 Vide
568 1968 647 1997 Pers.
665 1969 731 1997 Sat.
749 1970 768 1996 4
797 1978 825 1997 v.
844 1968 899 1997 26.

167 2010 220 2040 56.
235 2009 404 2048 Trifolinus
417 2010 508 2049 ager]
526 2010 645 2048 Hodie,
658 2010 771 2040 Illonte
786 2011 818 2040 (ἰὲ
834 2014 861 2041 S.
876 2011 967 2042 M'ar-

124 2053 200 2090 tino,
228 2054 316 2083 haud
341 2054 453 2092 procul
481 2053 632 2092 Neapoli,
655 2054 763 2084 trifolii
787 2055 891 2084 herbae
915 2065 968 2085 co-

124 2097 226 2135 piam,
240 2097 268 2126 &
287 2096 362 2125 inde
378 2105 499 2126 nomen
514 2097 630 2126 habet:
657 2098 772 2136 optimi
789 2098 885 2128 etiarn
902 2099 970 2128 vini

123 2139 224 2169 ferax.
271 2138 324 2168 Ex
348 2139 474 2168 Athen.
498 2140 552 2168 lib.
573 2143 598 2169 l.
622 2150 649 2170 c.
674 2141 727 2170 21.
772 2140 968 2172 Trifolinum

124 2182 239 2213 vinum
256 2182 448 2212 Surrentino
462 2183 593 2212 crassius
608 2183 678 2212 sero
693 2184 834 2223 vigorem
852 2184 966 2223 adipis-

124 2225 219 2256 citur.
264 2225 346 2255 Plin.
374 2225 425 2254 lib.
449 2225 496 2253 14.
523 2235 551 2254 c.
569 2225 600 2255 6.
647 2225 861 2264 Campaniam
886 2228 968 2258 vinis

123 2269 230 2298 scribit
256 2269 355 2299 exiam
395 2267 526 2297 rifolinis
553 2277 681 2307 semper
705 2269 883 2308 gloriatam,
899 2280 968 2302 non

125 2312 216 2342 secus
229 2321 266 2342 ac
282 2311 469 2341 Trebellicis
485 2311 524 2340 ad
537 2317 689 2350 quartum
707 2313 724 2341 a
739 2312 875 2351 Neapoli
889 2313 967 2353 lapi-

126 2353 213 2386 dem.
260 2355 397 2385 Martial.
410 2354 463 2383 lib.
486 2356 533 2384 13.
552 2354 716 2393 Epigram.
731 2356 801 2384 114.

210 2398 285 2428 Non
298 2407 362 2427 sum
379 2398 415 2426 de
426 2397 665 2436 pr1'mo,fateor,
686 2397 839 2435 Trifolina
855 2397 940 2438 lyceo.

169 2442 224 2472 57.
245 2441 602 2481 Suspectumquejugum
621 2439 737 2480 Cumis]
760 2441 857 2473 Mons
871 2443 967 2474 Mise-

126 2493 190 2514 nus
203 2485 246 2515 ita
264 2485 378 2516 Cumis
395 2485 581 2521 imminens,
608 2490 644 2514 ut
665 2494 717 2513 eas
732 2483 906 2515 obruturus
926 2487 968 2516 vi-

127 2526 252 2566 deatur,
279 2529 308 2558 &
338 2527 414 2557 hinc
440 2535 618 2565 suspectus.
676 2527 740 2556 Vel
766 2528 886 2566 potisiS,
911 2530 970 2568 qui

130 2569 442 2609 Cumis'suspicitur,
457 2570 474 2599 a
491 2571 609 2608 quibus
631 2570 746 2599 distare
761 2571 853 2600 aiunt
869 2571 968 2602 tribus

127 2613 251 2643 circiter
265 2623 418 2653 passuum
435 2613 588 2643 millibus.

174 2655 291 2695 Cumis]
316 2656 396 2686 Vide
412 2658 477 2686 Sat.
490 2658 519 2685 ὁ.
533 2667 562 2686 v.
580 2658 611 2686 2.

174 2698 312 2737 Gaurus]
334 2700 431 2729 Mons
454 2705 501 2729 est
523 2701 710 2739 Campaniae
735 2700 877 2731 Puteolis
894 2703 971 2732 vici-

130 2751 205 2772 nus.
251 2742 321 2772 Plin
344 2742 398 2772 lib.
411 2744 461 2772 14.
476 2752 503 2772 c.
519 2744 548 2773 6.
565 2743 619 2772 cit.
633 2744 689 2781 ait,
704 2743 832 2773 Summis
847 2745 973 2775 collibus

132 2785 310 2815 Gauranum
341 2785 442 2815 vinum
462 2786 565 2826 gigni.
612 2786 654 2816 Et
685 2788 781 2824 paulo
810 2794 891 2826 post,
910 2798 973 2818 cer-

130 2831 200 2857 tant
217 2828 355 2857 Massica
372 2830 454 2866 aeque*
474 2839 513 2858 em
536 2833 636 2859 monte
662 2828 807 2859 Gaurano
826 2830 975 2861 Puteolos

130 2869 288 2909 Baiasque
299 2873 542 2909 prospectantia.

176 2914 298 2943 Gaurus
308 2914 423 2952 inanes]
438 2915 600 2947 Nimirum
614 2922 686 2956 post
699 2917 884 2947 vindemias.
907 2918 973 2948 Vel

132 2957 210 2997 quia
222 2957 378 2995 spoliatus
395 2965 441 2986 est
463 2960 637 2998 arboribus,
655 2962 683 2990 δε
699 2961 772 2989 solis
789 2961 904 2990 vinetis
916 2971 972 2991 va-

130 3007 194 3039 cat.
244 3000 303 3029 Vel
333 3000 421 3039 quod
451 3009 499 3031 est
527 3012 698 3042 concavus,
723 3005 752 3033 &
779 3003 975 3042 vaporiferos

132 3052 248 3083 specus
265 3044 369 3075 habet.
417 3043 484 3073 Hos
509 3055 621 3076 omnes
644 3056 755 3077 sensus
777 3046 869 3077 affert
884 3055 977 3079 vetus

133 3087 240 3117 Schol.
265 3087 391 3127 primus
405 3089 555 3120 omnium
571 3090 715 3122 maxime
730 3089 855 3121 arridet.

1049 1056 1099 1087 58.
1128 1056 1204 1091 Quis
1217 1057 1306 1097 plura
1321 1054 1406 1093 linit,
1421 1050 1488 1094 lgm]
1511 1051 1621 1086 Quam
1638 1056 1688 1090 tu,
1705 1051 1724 1081 ὃ
1740 1051 1849 1090 Virro,

1004 1105 1052 1130 tot
1076 1102 1192 1131 vinetis
1214 1100 1344 1139 optimis
1368 1098 1456 1127 dives
1484 1098 1512 1126 Sc
1533 1095 1714 1134 abundans,
1739 1105 1848 1135 neque

1005 1144 1176 1184 propterea
1188 1144 1356 1173 liberalior.

1049 1187 1152 1226 Linit]
1178 1188 1264 1225 Pice,
1286 1186 1378 1223 limo,
1396 1192 1496 1225 gypso
1511 1182 1662 1222 obturat3
1687 1192 1723 1212 ac
1739 1192 1849 1213 recon-

1006 1231 1052 1260 dit
1065 1232 1172 1271 plures
1188 1232 1222 1261 in
1233 1239 1333 1260 annos
1345 1227 1548 1259 servandum.
1584 1226 1667 1256 Vide
1682 1226 1764 1256 Pers.
1782 1228 1849 1257 Sat.

1007 1275 1037 1304 4.
1052 1285 1082 1305 v.
1098 1275 1152 1306 29.
1166 1276 1194 1304 <Sc
1213 1275 1280 1304 Sat.
1297 1275 1325 1302 5.
1341 1283 1372 1302 v.
1388 1272 1458 1301 148.
1477 1276 1578 1309 atque
1593 1269 1667 1298 ibid.
1688 1270 1814 1301 Annot.

1051 1318 1097 1348 M
1099 1316 1181 1358 usto]
1207 1317 1340 1347 Recenti
1356 1314 1440 1345 vino.

1052 1362 1104 1393 59.
1133 1361 1288 1394 Quantum
1304 1356 1387 1399 erat]
1413 1356 1582 1390 Quantula
1599 1365 1644 1385 res
1661 1356 1772 1386 fuisset
1793 1357 1837 1387 lar
1852 1380 1854 1383 ,

1007 1404 1064 1444 giri
1080 1405 1271 1444 praediolum
1288 1402 1398 1432 clienti
1417 1411 1472 1440 pro
1484 1406 1533 1430 tot
1547 1399 1720 1429 laboribus.

1051 1448 1103 1478 60.
1130 1446 1309 1488 Jugeribus]
1341 1444 1429 1477 Quid
1454 1442 1578 1483 proprie
1592 1443 1754 1482 jugerum,
1776 1443 1853 1475 alibi

1009 1491 1165 1529 diximus,
1179 1490 1333 1520 nimirum
1351 1489 1418 1518 Sat.
1433 1488 1465 1516 S.
1484 1496 1513 1516 v.
1534 1487 1606 1515 142.

1050 1534 1208 1565 M'eliusne
1222 1533 1270 1563 hic
1286 1532 1416 1562 rusticus
1437 1530 1558 1568 infans,
1576 1528 1641 1567 lsa]
1667 1529 1721 1558 An
1738 1530 1854 1561 melius

1008 1579 1068 1608 erit
1083 1583 1289 1614 testamento,
1304 1576 1400 1615 legari
1416 1575 1433 1604 a
1456 1581 1489 1604 te
1507 1573 1673 1612 praedium,
1690 1574 1853 1613 ancillam,

1008 1631 1150 1660 servum,
1168 1621 1332 1651 Sacerdoti
1350 1617 1500 1658 Cybeles,
1516 1623 1554 1647 ut
1569 1622 1620 1653 tu,
1636 1616 1786 1654 impuro?

1052 1665 1164 1703 Infans
1190 1674 1256 1694 cum
1286 1661 1396 1701 matre]
1431 1661 1555 1698 verna,
1582 1660 1610 1689 δι
1637 1660 1751 1690 ancilla
1779 1670 1852 1700 quae

1011 1718 1087 1738 eum
1103 1709 1191 1739 domi
1207 1707 1329 1748 genuit.

1054 1752 1105 1781 62.
1132 1750 1282 1790 Cymbala
1301 1747 1470 1789 pulsantis]
1504 1746 1587 1776 Vide
1604 1747 1670 1776 Sat.
1689 1745 1718 1775 6.
1735 1757 1764 1776 ν.
1781 1748 1855 1780 515.

1012 1795 1039 1824 8(
1058 1796 1122 1825 Sat.
1138 1795 1167 1824 8.
1184 1804 1215 1824 v.
1237 1794 1308 1825 176.

1052 1837 1206 1878 Legatum
1214 1836 1290 1874 fiet]
1313 1835 1526 1866 Testamento
1548 1833 1675 1863 dabitur
1698 1843 1734 1863 ac
1759 1834 1853 1864 relin-

1012 1888 1132 1920 quetur
1148 1880 1245 1910 Gallo
1259 1879 1424 1919 legatario.
1468 1876 1552 1906 Vide
1578 1876 1674 1905 Alex.
1693 1877 1732 1906 ab
1754 1877 1853 1909 Alex.

1011 1925 1066 1954 lib.
1089 1927 1117 1954 1.
1131 1934 1157 1954 c.
1177 1925 1206 1955 1.
1250 1922 1385 1953 Codices
1400 1919 1552 1950 nonnulli
1568 1919 1701 1956 habent,
1717 1921 1854 1961 legatus,

1011 1968 1064 1997 sed
1083 1968 1179 2005 male,
1207 1973 1245 1996 ut
1266 1965 1375 1995 asserit
1392 1963 1519 2002 Lipsius
1545 1961 1707 2001 Epistolic.
1724 1972 1781 2002 qu.
1799 1961 1856 1995 lib.

1013 2012 1044 2041 4.
1062 2011 1164 2047 Epist.
1177 2011 1230 2040 25.

1048 2051 1174 2094 Amici]
1197 2051 1388 2082 Libidinum
1404 2050 1555 2080 societate
1572 2051 1600 2078 3:
1617 2050 1856 2082 consuetudine

1013 2103 1122 2128 tecum
1136 2097 1254 2136 juncti.

1056 2141 1107 2171 63.
1131 2140 1192 2169 Sed
1203 2138 1309 2178 pensio
1323 2135 1451 2178 clamat]
1475 2135 1664 2175 Respondet
1678 2135 1832 2167 Naevolus
1844 2149 1855 2177 ς

1011 2192 1044 2215 at
1055 2193 1153 2224 cogor
1168 2192 1308 2221 poscere,
1333 2182 1407 2211 cum
1425 2186 1517 2220 urget
1533 2180 1644 2218 pensio
1660 2180 1856 2212 exsolvenda

1012 2238 1070 2267 pro
1092 2226 1255 2258 conducto
1272 2226 1376 2265 agello
1392 2225 1442 2253 vel
1458 2223 1641 2258 domicili03
1678 2228 1749 2251 tum
1776 2225 1853 2261 quia

1012 2274 1171 2301 emendus
1186 2276 1233 2299 est
1247 2269 1326 2299 alter
1341 2277 1463 2305 servus,
1480 2276 1547 2296 uno
1564 2266 1646 2295 milii
1660 2274 1726 2294 uon
1738 2266 1853 2296 suffici-

1011 2321 1110 2352 ente3
1135 2319 1233 2352 atque
1245 2313 1342 2341 ambo
1355 2317 1432 2340 sunt
1447 2310 1564 2346 alendi,
1581 2308 1816 2347 vestiendique.

1057 2357 1108 2387 64.
1127 2355 1167 2385 Ut
1184 2354 1363 2394 Polyphemi
1376 2354 1441 2383 lata
1457 2353 1550 2389 acies,
1567 2351 1636 2390 ιξςε]
1655 2352 1746 2380 Sicut
1761 2351 1854 2393 Poly-

1012 2401 1153 2440 phemus
1166 2399 1298 2436 interiit,
1312 2398 1400 2437 quod
1416 2396 1550 2426 unicum
1565 2395 1693 2424 haberet
1707 2396 1858 2436 oculum,

1011 2454 1080 2483 quo
1095 2443 1212 2474 effosso
1228 2442 1357 2481 Ulysses
1374 2440 1484 2475 evasit,
1513 2437 1600 2476 quod
1616 2446 1681 2466 non
1699 2437 1742 2466 ita
1754 2441 1856 2470 conti·

1013 2488 1119 2527 gisset,
1143 2487 1170 2515 si
1185 2486 1353 2526 geminum
1370 2483 1424 2512 ille
1442 2482 1622 2517 habuisset3
1649 2481 1691 2510 sic
1707 2490 1766 2520 ego
1783 2483 1856 2513 uni-

1013 2540 1091 2560 cum
1107 2530 1230 2559 habens
1242 2537 1371 2557 servum
1388 2534 1490 2554 versor
1505 2525 1537 2553 in
1552 2524 1735 2553 discrimine
1746 2534 1856 2557 rerum

1013 2582 1161 2603 mearum
1176 2584 1185 2611 3
1211 2576 1311 2609 atque
1328 2576 1365 2600 ut
1382 2570 1415 2598 in
1431 2567 1510 2597 vado
1524 2568 1599 2604 sim,
1615 2567 1694 2596 alter
1711 2577 1854 2600 necessa-

1013 2618 1059 2646 rio
1076 2623 1123 2645 est
1140 2615 1308 2645 emendus.

1055 2657 1251 2698 Polyphemi]
1282 2656 1319 2685 In
1347 2655 1455 2684 Sicilia
1479 2652 1613 2693 degebat
1636 2651 1858 2693 μονόφθαλμος

1016 2702 1070 2732 ille
1088 2702 1227 2742 Cyclops
1242 2699 1314 2728 dirae
1330 2698 1474 2735 feritatis,
1490 2697 1548 2735 qui
1569 2696 1649 2726 duos
1672 2696 1792 2736 Ulyssis
1806 2708 1859 2727 so-

1016 2747 1081 2776 cios
1099 2743 1269 2780 deservit,
1288 2742 1356 2780 ipse
1371 2750 1445 2770 vero
1462 2745 1557 2769 acuto
1572 2741 1682 2778 stipite
1697 2741 1858 2770 excaecati

1018 2797 1134 2818 manus
1151 2785 1261 2825 effugit
1280 2794 1356 2814 cum
1373 2783 1501 2823 reliquis
1517 2783 1625 2813 sociis.
1675 2782 1754 2811 Vide
1769 2784 1860 2821 plura

1017 2831 1105 2869 apud
1122 2830 1255 2860 Homer.
1272 2827 1388 2866 Odyss.
1402 2827 1433 2857 9.
1458 2825 1553 2857 Ovid.
1572 2825 1790 2864 Metamorpli.
1810 2827 1858 2856 13.

1018 2874 1096 2904 Fab.
1112 2874 1140 2902 8.
1161 2871 1269 2911 Virgil.
1287 2869 1415 2900 AEneid.
1429 2871 1460 2899 3.

1062 2918 1114 2947 65.
1138 2913 1220 2944 Lata
1236 2913 1332 2953 acies}
1358 2913 1468 2953 Virgil.
1485 2921 1563 2942 mox
1581 2912 1634 2941 cit.

1174 2958 1241 2987 Telo
1256 2959 1353 2986 lumen
1371 2957 1557 2986 terebramus
1572 2959 1662 2983 acuto

1086 3003 1215 3042 Ingens,
1230 3001 1309 3039 quod
1324 2999 1409 3029 tort-a
1425 2998 1520 3028 solum
1537 2997 1591 3027 sub
1603 2997 1716 3033 fronte
1732 2995 1864 3038 latebat,

1087 3045 1230 3085 Argolici
1244 3044 1356 3083 clypei,
1369 3046 1421 3072 aut
1435 3041 1582 3070 Pluutoeae
1595 3039 1747 3078 lampadis
1757 3041 1865 3073 instar.

1068 3088 1177 3130 Acies]
1200 3087 1284 3118 Vide
1308 3086 1468 3128 egregiam
1495 3083 1582 3115 oculi
1605 3083 1870 3126 descriptionem,
