1948 3281
146 105 222 149 178

142 196 315 230 conflantur
339 199 431 236 urcei,
453 199 565 239 pelves,
588 209 651 230 sar·
665 198 788 240 Fiunt
810 199 974 249 urceoli,

145 242 231 277 ingo,
258 241 376 271 lebetes.
424 242 525 283 tlffige
550 243 652 273 lauros

143 281 271 311 oedihus:
312 284 343 313 in
379 283 560 325 Capitolium
592 295 651 325 age

666 257 776 296 Pone
799 256 910 296 domi
933 256 1080 306 lauros,
1114 257 1192 297 duc
1216 257 1256 298 in
1281 257 1480 312 Capitolia
1501 271 1698 314 magnum

657 108 683 150 J
689 108 991 152 UVENALIS
1026 109 1243 153 SATIRA
1270 113 1327 154 X.

1008 200 1155 254 pelves,
1187 209 1359 257 sartago,
1391 199 1561 256 pateliae.

1792 257 1843 297 65

146 323 245 354 horem
261 325 412 367 ingentem
428 332 449 366 g<
465 329 626 358 candidam
639 340 648 356 .-
665 312 956 368 Cretatumque
978 312 1121 353 bovem
1142 330 1153 364 ;
1185 313 1355 368 Sejanus
1377 315 1537 355 ducitur
1560 329 1665 355 unco

146 366 275 414 Sejanus
302 379 377 399 unco
403 375 542 410 raptatur
570 372 648 409 ttspi-
663 368 940 422 Spectandus:

146 418 291 440 czenrlus:
336 413 478 443 letantur
513 414 650 442 universi.

147 451 260 490 Ecquoe
286 453 396 485 labia?
423 457 517 489 Quam
531 456 649 491 ⁴faciem

973 370 1151 424 gaudent
1166 385 1308 411 omnes
1328 387 1338 411 t
1371 372 1478 428 Quae
1494 372 1629 412 labra?
1664 369 1771 428 Quis
1787 368 1847 410 illi

664 424 812 465 Vultus
836 426 944 466 erat?
978 427 1225 482 Nunquam,
1247 427 1280 467 si
1303 427 1399 483 quid
1416 428 1517 468 mihi
1533 428 1675 478 credis,
1697 425 1828 468 amavi

148 493 298 525 habebat?
321 498 649 536 Simiquismihifidem
666 482 791 522 Hunc
834 482 1074 523 hominem:
1121 484 1189 525 sed
1227 499 1309 540 quo
1345 483 1491 525 cecidit
1526 484 1601 526 sub
1641 483 1844 525 crimine?

148 535 248 576 habes,
271 540 365 569 virum
387 541 473 570 illum
502 550 651 580 nunquam

152 580 253 610 dilexi.
299 583 342 611 At
366 593 454 621 quam
482 583 517 612 oh
544 594 651 615 noxam

150 622 310 653 damnatus
326 632 369 655 est
383 626 398 655 .⁷
422 626 496 658 Quis
517 627 579 656 fuit
601 639 650 658 ac-

878 553 1036 580 uisnam

664 540 873 636 Delator?
895 596 1056 653 Quibus
1080 597 1269 639 indiciis?
1303 600 1401 656 Quo
1424 607 1521 639 teste
1544 597 1756 651 probavit?
1793 598 1847 644 70

147 668 295 696 mmor?
321 668 434 701 anbu,
456 672 651 709 argumentis,
665 652 737 693 Nil
756 653 918 693 horum.
976 654 1159 695 verbosa
1182 656 1221 696 &
1243 656 1401 711 grandis
1424 654 1593 708 epistola
1614 655 1721 696 venit

149 717 206 743 quo
223 711 382 740 testimonio
405 721 469 741 rem
487 714 652 751 comproba·
666 710 706 750 A
721 709 886 764 Capreis
903 726 912 750 Ξ

150 750 180 777 Y.
211 751 225 780 ?
274 753 295 767 v·
322 754 386 781 ..13-
429 765 434 769 ‘
691 767 700 777 ¹
925 767 931 772 Ι

149 756 218 822 'wltzi
233 752 504 834 ἑλέέιῑίὶνειίεἱοίἒῖἑῖζε
517 756 655 836 [0352ng
665 767 689 806 Ἰ
704 765 800 807 urba
817 768 934 808 Remu
950 769 963 808 ἒ

946 710 1049 751 bene
1065 712 1198 763 habet,
1217 713 1275 753 nil
1293 713 1381 767 plus
1397 712 1612 767 interrege.
1657 712 1733 752 Sed
1748 711 1848 766 quid

1009 769 1202 825 Sequitur
1214 769 1438 820 fortunam,
1456 778 1501 809 ut
1516 783 1688 822 semper,
1706 769 1746 809 ὅτ,
1761 768 1848 809 odit

151 838 173 873 ῖς
189 838 292 877 lovgoe.
329 838 413 869 Bene}
426 844 480 871 est.
514 841 604 872 Nihil
617 843 746 882 amplizis
760 853 866 882 quaero.
896 843 1000 874 Verum
1016 846 1089 884 quid
1105 847 1167 885 egit
1179 845 1263 886 plebs
1278 846 1367 876 Remi
1377 844 1392 874 .⁷
1416 844 1558 875 Adlzoeret
1573 846 1658 883 sorti,
1669 845 1746 874 sicut
1759 844 1848 883 solet,

152 989 240 1026 plebs
266 992 335 1021 cum
356 994 539 1025 Senatores:
561 997 600 1026 de
625 1001 764 1035 utroque
787 1002 860 1028 vota
884 997 979 1028 facie-

152 1032 250 1061 bant:
275 1036 398 1074 utrique
426 1039 647 1070 sacrificabant.
694 1040 736 1070 Et
764 1041 872 1079 postea
887 1040 976 1080 (quis

154 1075 295 1123 credat?)
335 1080 360 1107 is
390 1081 456 1118 ipse
483 1083 614 1119 Sejanus
643 1084 714 1112 neci
745 1083 888 1113 addictus
918 1089 976 1122 est,

155 1126 292 1158 eiusque
309 1123 417 1152 mortis
431 1124 495 1153 dies
511 1125 638 1163 publica
655 1126 761 1155 laetitia
788 1126 972 1156 celebratus.

154 1160 339 1202 Suetonius,
353 1165 492 1203 Tacitus,
505 1167 703 1206 Xiphilinus.

196 1205 246 1233 65.
269 1206 353 1236 Pone
369 1209 446 1237 (lomi
461 1210 573 1249 lauros]
610 1210 682 1240 Post
699 1212 759 1241 tale
775 1212 976 1250 exemplum,

153 1246 295 1278 letitiam
322 1251 452 1290 exhibe,
480 1259 576 1291 teque
603 1259 728 1284 ostenta
752 1253 899 1292 felicem3
925 1255 976 1284 tri-

155 1292 324 1329 umphales
340 1293 474 1324 honores
490 1297 574 1325 ambi
592 1298 620 1327 δι
635 1298 719 1334 jacta
734 1309 739 1325 ε
765 1297 830 1326 imo
846 1303 878 1326 te
894 1299 976 1336 sapi—

154 1338 261 1363 cutem
290 1335 317 1364 ὃς
343 1338 541 1368 moderatum
573 1339 666 1368 faciat
693 1341 842 1378 Sejanus,
878 1349 976 1378 quem

157 1384 240 1405 unco
257 1379 337 1407 trahi
350 1379 435 1409 vides
450 1381 546 1420 paulo
559 1382 632 1412 ante
646 1383 874 1412 beatissimum.
910 1383 977 1412 Alii

158 1418 271 1448 volunt
286 1421 378 1451 verba
396 1432 462 1453 esse
486 1425 596 1462 populi
620 1425 750 1454 Tiberio
777 1425 978 1464 gratulantis,

155 1470 172 1498 q
182 1462 242 1490 nod
258 1463 456 1495 insidiantem
471 1466 527 1496 sibi
542 1469 694 1505 Sejanurn
708 1468 904 1506 oppresserit.

196 1504 269 1534 Duc
291 1506 322 1535 in
349 1506 511 1546 Capitolia,
528 1510 594 1548 850]
628 1511 771 1540 Sacrifica
784 1510 860 1540 Jovi
883 1509 978 1549 Capi-

154 1546 272 1585 tolino,
299 1558 340 1578 ex
366 1560 454 1580 more
476 1553 767 1591 triumphantium3
790 1552 841 1582 vel
856 1553 931 1591 quia
947 1560 977 1583 te

155 1588 193 1616 ab
223 1589 312 1620 hoste
340 1593 514 1633 vindicarit,
546 1595 681 1625 mactata
710 1595 838 1625 victima
866 1596 978 1635 gratias

156 1641 225 1669 age.

200 1674 370 1717 Capitolia]
393 1679 476 1708 Vide
493 1680 582 1718 infra,
600 1683 665 1712 Sat.
682 1684 731 1712 14.
746 1691 809 1711 ver.
822 1682 873 1712 91.

199 1717 251 1747 66.
277 1719 448 1760 Cretatam]
485 1722 596 1762 Nigras
626 1725 741 1754 hostias
765 1725 834 1755 Diis
861 1723 980 1763 Inferis,

156 1761 284 1799 Superis
306 1764 390 1794 albas
417 1767 607 1796 mactabant.
650 1767 732 1797 Vide
758 1767 838 1797 Pers.
866 1768 931 1797 Sat.
949 1770 980 1798 5.

156 1804 279 1834 Annot.
296 1816 358 1836 ver.
376 1809 446 1837 10⁶3.
469 1809 507 1838 ad
523 1819 633 1840 vocem
645 1810 729 1840 crecti
741 1821 756 1846 ,·
780 1811 807 1840 δε
823 1819 887 1840 ver.
904 1812 975 1841 177.

156 1846 194 1874 ad
208 1856 333 1885 vocem,
346 1855 474 1881 cretata.

198 1889 332 1938 Dacitur
346 1892 438 1935 unco]
462 1895 516 1924 Ad
533 1896 725 1935 patibulum,
749 1896 788 1926 ad
804 1897 898 1927 scalas
914 1897 976 1927 Ge-

157 1940 292 1970 mornas,
331 1936 405 1966 inde
430 1940 686 1977 praecipitandus,
726 1948 810 1969 unco
835 1941 980 1977 trahitur,

157 1983 244 2004 inore
260 1977 484 2011 damnatorum
541 1983 674 2013 Sueton.
702 1982 807 2012 Tiber.
833 1992 901 2021 cap.
927 1983 979 2012 61.

153 2016 250 2047 Nemo
258 2021 429 2057 punitorum
444 2033 501 2053 non
518 2026 541 2062 ξς
552 2025 582 2054 in
593 2026 753 2055 Gemonias
766 2024 914 2063 abjectus,
928 2034 983 2054 urz·

155 2069 246 2097 coque
270 2065 394 2093 tractus,
452 2066 611 2105 Xiphilin.
635 2069 740 2098 Tiber.
763 2066 895 2096 Senatzts
918 2067 982 2096 De-

154 2107 235 2131 crfto
250 2103 377 2143 Sejanus
389 2108 404 2136 ἑ
420 2110 510 2138 scalis
529 2111 740 2149 praecipitatus
751 2113 795 2138 est
807 2120 816 2136 .·
835 2109 983 2148 plebsque

154 2154 261 2183 corpus
288 2149 355 2187 ejus
378 2151 477 2180 triduo
504 2154 622 2193 magnis
648 2151 809 2190 opprobriis
837 2152 980 2190 affectum

157 2190 275 2219 tandem
293 2192 323 2219 in
339 2193 454 2226 flumen
478 2195 630 2233 projecit.-
653 2197 676 2232 «ξς
703 2194 790 2224 liberi
811 2194 876 2233 ejus
894 2205 979 2224 sena-

158 2233 340 2263 tnscomulta
355 2238 397 2265 ad
412 2241 534 2266 mortem
550 2238 633 2267 ducti
647 2241 729 2274 sunt,
755 2239 813 2266 &c-

202 2273 252 2304 67.
274 2276 477 2318 Spectandae]
500 2280 694 2318 Spectaculo
708 2279 836 2309 futurus
853 2281 880 2309 δε
897 2280 980 2310 ludi-

157 2316 235 2347 brio.
291 2320 373 2350 Nam
398 2327 477 2352 teste
503 2322 674 2362 Xiphilino
702 2322 776 2352 ibid.
804 2322 979 2354 Viventem

157 2359 262 2389 adhuc
278 2363 370 2399 Sejan
377 2374 431 2394 um
445 2371 606 2395 commota
620 2366 709 2404 plebs
723 2366 857 2403 irridere,
881 2366 909 2394 ἀ
926 2376 979 2396 vo-

159 2402 277 2433 ciferari
292 2408 403 2445 coepit,
417 2414 544 2447 propter
558 2418 610 2439 eos
627 2409 684 2449 qui
699 2409 738 2438 ab
753 2408 807 2438 illo
822 2408 981 2439 interfecti

157 2444 300 2476 fuerant:
325 2459 436 2480 omnes
456 2453 524 2488 ejus
547 2458 666 2482 statuas
690 2451 867 2488 deturbare,
891 2460 978 2481 com·

157 2489 314 2536 minuere,
337 2493 508 2533 dissipare3
543 2504 639 2534 quem
668 2494 742 2523 vero
771 2494 865 2523 mane
891 2495 981 2524 velut

158 2538 313 2566 potiorem
340 2545 372 2564 se
389 2546 499 2566 omnes
521 2538 554 2567 in
570 2539 726 2568 Senatum
742 2537 882 2566 comitati
908 2536 979 2566 fue·

159 2580 239 2611 fam,
263 2585 336 2606 curn
358 2580 453 2616 paulo
479 2581 545 2616 [ost
569 2581 603 2610 in
631 2588 784 2609 carcerem
812 2579 981 2609 trahebant

158 2620 195 2642 ut
220 2618 376 2654 abjectum
403 2632 438 2651 ac
463 2623 618 2653 nefarium
640 2623 827 2652 hominem:
851 2622 903 2651 cui
926 2632 978 2651 co-

159 2667 266 2688 ronari
286 2663 382 2698 paulo
396 2665 469 2694 ame
485 2665 647 2702 dederant,
673 2665 821 2694 eumdem
839 2665 978 2695 vinculis

157 2703 432 2741 constringebant:
470 2718 569 2746 quem
594 2708 688 2738 antea
712 2707 858 2737 satellites
883 2708 977 2745 stipa·

157 2742 233 2773 bant
264 2752 297 2773 ut
328 2747 508 2787 dominum,
525 2760 602 2781 mox
633 2760 709 2781 eum
741 2758 776 2780 ut
804 2750 976 2789 fugitivum

156 2787 387 2818 custodiebant.
431 2792 582 2832 Denique
608 2795 662 2824 illo
687 2793 865 2830 interfecto,
891 2802 977 2830 mag—

157 2838 217 2858 nus
243 2830 275 2860 in
300 2832 377 2860 urbe
401 2836 558 2865 tumultus
581 2837 755 2866 concitatus
782 2841 847 2865 est:
886 2836 974 2873 plebs

157 2874 244 2902 euim
261 2875 401 2904 occidere
428 2878 613 2914 properabat
629 2888 692 2916 ess,
716 2887 797 2917 quos
813 2877 971 2917 intellige-

155 2916 206 2944 bat
223 2916 393 2948 plurimum
409 2919 493 2954 apud
509 2921 661 2956 sejanum
677 2922 825 2960 potuisse.

199 2958 271 2990 Qllae
284 2960 369 2989 labra
383 2958 412 2997 .⁷]
449 2959 555 2993 Quam
583 2972 688 3001 prava,
712 2963 851 3001 distorta,
874 2963 975 2994 defor-

148 3004 210 3034 mia
224 3003 233 3031 ?

195 3046 270 3078 Quis
284 3045 331 3076 illi
344 3045 446 3076 vultus
459 3050 525 3075 erat
537 3045 566 3085 ?]
589 3046 697 3080 Quam
714 3058 814 3077 saevus
833 3051 860 3078 Sc
875 3055 950 3080 trux
964 3049 973 3078 ?

191 3087 242 3121 (38.
266 3088 431 3129 Nunquam
448 3090 543 3122 amavi
559 3089 635 3122 hunc
649 3089 807 3131 hominem]
836 3091 915 3123 Haec
930 3093 973 3124 ait

1023 999 1112 1038 plebs
1134 1000 1185 1029 vel
1211 1009 1253 1029 ex
1278 998 1374 1037 odio,
1397 999 1448 1028 vel
1473 998 1560 1038 quod
1584 1007 1714 1028 omnem
1741 999 1845 1037 cujus-

1021 1051 1164 1081 cumque
1181 1052 1255 1072 cum
1272 1042 1387 1080 Sejano
1399 1041 1615 1072 familiaritatis
1630 1042 1847 1080 suspicionem

1020 1085 1038 1113 a
1054 1095 1086 1114 se
1102 1085 1239 1123 quisque
1255 1085 1376 1115 amoliri
1401 1085 1571 1123 satagebat,
1595 1093 1636 1113 ne
1665 1084 1848 1114 damnatio—

1021 1137 1095 1157 nem
1111 1128 1293 1158 incurreret.
1337 1127 1413 1157 Erat
1443 1127 1531 1156 enim
1555 1127 1668 1156 idonea
1689 1136 1783 1157 causa
1809 1128 1848 1157 ad

1020 1170 1246 1209 accusandum,
1271 1170 1386 1209 Sejano
1403 1169 1543 1199 amicum
1559 1169 1668 1205 fuisse,
1683 1175 1739 1198 aut
1753 1169 1848 1200 fuisse

1021 1213 1133 1251 videri,
1157 1220 1193 1242 ut
1210 1213 1301 1244 refert
1317 1214 1387 1243 loco
1403 1213 1499 1242 citato
1513 1211 1674 1250 Xiphilin.
1699 1221 1848 1252 unusque

1021 1255 1192 1286 Terentius
1209 1257 1250 1286 ob
1266 1256 1296 1286 id
1312 1265 1386 1285 reus
1400 1254 1502 1285 factus
1516 1254 1622 1284 solerti
1639 1255 1849 1286 excusatione

1021 1307 1054 1327 se
1077 1300 1115 1329 ab
1140 1300 1271 1329 interitu
1300 1298 1485 1335 vindicavit,
1521 1298 1549 1326 ἃ*
1577 1297 1646 1326 tum
1670 1297 1688 1325 a
1715 1299 1848 1338 Senatu,

1021 1341 1094 1371 cum
1111 1342 1149 1371 ab
1165 1343 1232 1380 ipso
1249 1342 1379 1372 Tiberio
1393 1341 1542 1370 liberatus
1558 1346 1614 1369 est.
1664 1338 1742 1369 lbid⁴

1062 1383 1115 1414 69.
1140 1384 1200 1414 Sed
1225 1395 1283 1424 quo
1311 1383 1420 1413 cecidit
1445 1383 1498 1412 sub
1528 1382 1651 1412 crimine
1663 1381 1693 1421 .7]
1731 1382 1847 1416 Quan-

1021 1436 1118 1466 quam
1138 1429 1290 1465 Sejanum
1305 1436 1375 1456 non
1388 1426 1504 1463 amavi,
1525 1425 1604 1454 scire
1628 1431 1736 1455 tamen
1758 1437 1848 1466 aveo,

1021 1470 1109 1508 quod
1133 1471 1173 1500 ob
1189 1471 1303 1508 scelus,
1327 1471 1354 1499 &
1382 1477 1447 1507 quo
1472 1473 1566 1506 pacto
1593 1467 1760 1498 damnatus
1789 1477 1848 1509 est,

1021 1513 1139 1550 quibus
1163 1514 1286 1543 indiciis
1311 1511 1436 1541 detecta
1451 1520 1508 1548 res,
1533 1511 1560 1540 δι
1584 1510 1701 1548 quibus
1717 1513 1846 1543 testibus

1021 1563 1091 1584 eam
1108 1557 1250 1594 probavit
1264 1555 1423 1586 Tiberius.

1067 1599 1118 1628 71.
1145 1597 1199 1627 Nil
1213 1598 1331 1637 horum]
1353 1597 1444 1627 Nihil
1459 1596 1615 1634 ejusmodi
1630 1595 1764 1636 factum,
1787 1609 1846 1630 nec

1022 1640 1140 1671 indices
1166 1642 1365 1677 detulerunt,
1387 1649 1447 1669 nec
1474 1639 1646 1678 quisquam
1676 1643 1847 1679 accusavit,

1020 1693 1080 1712 nec
1097 1694 1138 1714 ex
1154 1684 1277 1724 legibus
1293 1683 1470 1723 quidquam
1483 1686 1592 1711 actum
1609 1688 1672 1711 est:
1698 1690 1844 1715 tantum-

1023 1726 1120 1757 modo
1131 1728 1253 1766 scripsit
1266 1726 1306 1756 ad
1320 1727 1474 1755 Senatum
1488 1724 1643 1755 Tiberius.

1070 1768 1198 1800 Verbosa
1221 1772 1244 1808 ὃς
1262 1769 1392 1810 grandis
1405 1767 1564 1806 Epistola]
1608 1767 1735 1807 Xiphil.
1758 1771 1846 1802 citat.

1023 1811 1179 1843 Recitatas
1203 1813 1307 1843 scribit
1328 1812 1437 1851 longas
1463 1811 1566 1840 literas
1593 1811 1628 1841 in
1655 1818 1780 1851 senatu,
1809 1814 1844 1844 in

1023 1855 1139 1893 quibus
1154 1855 1233 1886 nihil
1257 1860 1324 1885 erat
1345 1858 1539 1893 perpetuum
1556 1858 1663 1884 contra
1678 1855 1845 1892 Sejanum.

1023 1896 1148 1929 Harum
1176 1899 1371 1937 principium
1395 1903 1459 1926 erat
1483 1896 1522 1926 de
1546 1896 1614 1925 aliis
1637 1897 1728 1927 rebus
1750 1899 1846 1938 scrip-

1023 1945 1094 1970 tum
1106 1953 1112 1969 :
1137 1941 1390 1980 subsequebatur
1403 1939 1504 1968 brevis
1515 1943 1624 1968 contra
1638 1949 1714 1969 eum
1729 1950 1845 1979 expos-

1024 1984 1160 2021 tulati03
1185 1985 1268 2023 post,
1295 1983 1355 2013 alia
1381 1981 1527 2020 quaedam
1555 1981 1695 2011 diversa:
1721 1984 1843 2015 rursum

1023 2025 1058 2054 in
1083 2027 1235 2064 Sejanum
1257 2024 1397 2064 aliquid:
1422 2024 1462 2053 ad
1486 2029 1670 2054 extremum
1693 2026 1846 2057 scribebat

1023 2067 1058 2098 in
1088 2069 1169 2098 duos
1197 2070 1362 2098 Senatores
1383 2066 1550 2096 familiares
1573 2067 1680 2104 Sejani
1703 2069 1844 2099 animad-

1024 2112 1102 2141 verti
1117 2116 1273 2150 oportere,
1295 2112 1401 2148 ipsum
1416 2118 1481 2138 esse
1497 2110 1530 2138 in
1545 2110 1688 2139 custodia
1703 2111 1843 2142 retinen-

1023 2153 1114 2184 dum.
1160 2154 1249 2184 Nihil
1265 2153 1350 2183 enim
1365 2152 1471 2190 aperte
1487 2151 1528 2181 de
1544 2158 1646 2182 morte
1662 2153 1730 2191 ejiis
1743 2155 1843 2193 scrip·

1022 2197 1073 2234 sit,
1088 2197 1204 2227 veritus
1220 2206 1261 2226 ne
1276 2195 1438 2226 tumultus
1452 2195 1493 2224 ob
1508 2204 1580 2226 eam
1593 2204 1721 2225 causam
1738 2199 1843 2227 conci-

1023 2243 1148 2269 taretur.
1206 2239 1287 2272 Quat
1317 2239 1412 2268 literae
1441 2238 1517 2268 curn
1545 2243 1649 2268 essent
1677 2239 1844 2277 ejusmodi,

1022 2281 1124 2312 multa
1151 2292 1254 2321 eaque
1279 2283 1361 2312 inter
1385 2290 1418 2310 se
1440 2281 1523 2310 varia
1543 2280 1650 2310 audire
1676 2281 1789 2312 licebat
1813 2285 1841 2313 ὦ

1019 2325 1134 2356 videre.
1181 2326 1329 2355 Tandem
1351 2323 1494 2363 perlectis
1516 2323 1611 2352 literis
1626 2332 1752 2361 coepere
1773 2334 1842 2354 om-

1020 2377 1076 2397 nes
1101 2377 1168 2398 uno
1192 2378 1245 2398 ore
1270 2373 1380 2398 contra
1401 2375 1477 2396 eum
1499 2365 1672 2403 vociferari,
1693 2371 1791 2405 atque
1815 2370 1844 2398 ei

1020 2411 1221 2449 maledicere,
1245 2411 1304 2441 &c.

1068 2456 1117 2484 72.
1140 2454 1167 2482 A
1187 2453 1325 2492 Capreis]
1348 2452 1412 2483 Ubi
1436 2456 1507 2481 tum
1533 2456 1598 2481 erat
1613 2451 1773 2490 Tiberius,
1795 2461 1841 2482 se-

1022 2497 1123 2526 cessus
1137 2496 1247 2536 gratia,
1271 2496 1386 2536 pariter
1400 2504 1435 2524 ac
1451 2494 1619 2524 libidinum
1639 2494 1762 2524 liberius
1781 2504 1842 2524 ex·

1022 2540 1238 2570 ercendarum.
1284 2540 1373 2569 Porro
1386 2537 1527 2576 Capreae,
1548 2536 1657 2566 Insula
1681 2544 1729 2566 est
1750 2539 1843 2568 maris

1021 2580 1192 2621 Tyrrheni,
1214 2583 1359 2621 adjacens
1373 2580 1572 2618 Campaniae,
1595 2579 1761 2609 abundans
1784 2589 1840 2610 co-

1022 2625 1222 2655 thumicibus
1247 2624 1426 2655 etiamnum
1439 2622 1567 2653 Tiberio
1595 2622 1627 2650 in
1649 2622 1781 2660 deliciis,
1805 2629 1842 2653 ut

1019 2677 1099 2698 mox
1123 2669 1219 2698 etiam
1245 2667 1368 2697 dicetur
1382 2676 1445 2696 ver.
1458 2666 1508 2697 93.
1524 2664 1619 2694 hodie
1635 2666 1731 2705 vulgo
1747 2665 1842 2704 Capn·

1017 2717 1234 2749 nuncupatur.

1061 2753 1120 2782 Nil
1139 2753 1212 2792 plus
1233 2752 1396 2792 interrogo]
1433 2750 1490 2781 Est
1517 2751 1601 2781 enim
1625 2751 1841 2791 periculosum

1020 2797 1151 2826 consilia
1165 2796 1311 2835 factaque
1327 2795 1480 2834 Principis
1496 2802 1553 2824 aut
1565 2795 1697 2825 scrutari
1709 2800 1766 2824 aut
1779 2793 1839 2822 dis-

1017 2844 1126 2868 cutere
1139 2840 1295 2869 curiosius.

1060 2881 1121 2910 Sed
1144 2881 1217 2920 quid
1242 2881 1329 2911 turba
1354 2879 1457 2918 Remi]
1485 2879 1573 2913 Quid
1598 2881 1670 2910 vero
1698 2879 1838 2918 populus

1019 2923 1181 2954 Romanus
1198 2925 1261 2963 egit
1277 2923 1415 2953 interea?

1062 2968 1112 2997 73.
1130 2966 1227 2996 Turba
1239 2966 1339 3003 Remi]
1356 2965 1497 3005 Populus
1512 2966 1530 2995 ὲ
1542 2965 1642 2996 Remo
1657 2967 1684 2995 Sc
1701 2964 1839 2994 Romulo

1016 3010 1177 3040 oriundus.
1234 3008 1392 3038 Nonnulli
1422 3009 1545 3038 codices
1572 3010 1710 3039 habent:
1747 3006 1836 3035 turba

1016 3055 1143 3080 tremens
1158 3065 1167 3081 .·
1186 3051 1281 3084 Quod
1304 3053 1552 3090 interpretantur
1574 3051 1613 3081 de
1626 3050 1734 3089 Seiani
1745 3049 1835 3080 fami-

1013 3093 1141 3127 liaribus
1155 3096 1183 3127 ἀ
1199 3094 1340 3135 cognatis
1354 3093 1503 3134 proscribi
1514 3094 1712 3126 timentibus.
