1948 3281
715 110 901 153 PERSII
936 109 1152 153 SATIRA
1185 111 1221 153 Ι.

98 203 227 248 Unde
251 205 422 254 Remus,
446 202 645 259 sulcoque
668 211 798 244 terens
819 202 1009 253 dentalia,
1035 201 1201 260 Quinti,

95 264 235 320 Quem
255 262 406 317 trepida
427 271 521 302 ante
545 263 666 301 121>st
689 261 947 301 Dictatorcin
972 260 1106 301 induit
1130 275 1247 312 uxor,

96 323 151 362 Et
170 330 238 362 tua
258 330 383 362 aratra
407 319 578 360 domum
605 318 721 359 lictor
744 319 853 359 tulit.
886 320 1019 373 Euge,
1041 320 1196 370 Poeta3

95 379 173 419 Est
196 392 324 429 nunc,
347 377 476 418 Brisei
501 391 622 431 quem
648 391 823 417 venosus
847 375 945 416 iiber
969 376 1075 417 Acci
1097 391 1105 414 ε

96 437 219 485 Sunt,
243 450 348 490 quos
374 435 671 489 Pacuviusque,
707 434 745 474 δε
768 448 979 473 verrucosa
1001 444 1182 473 moretur

95 492 281 548 Antiopa
301 492 496 533 aerumnis
521 506 591 532 cor
612 490 869 531 luctificabile
891 490 1008 531 fulta.

95 551 191 592 Hos
214 551 345 604 pueris
368 549 552 591 monitus
575 559 703 603 patres
728 548 942 588 infundere
965 548 1098 604 lippos

95 607 211 649 Cum
234 608 384 658 videas,
408 606 612 663 quaerisne
637 607 746 647 unde
771 609 858 646 iiaec
882 615 1039 662 sartago
1062 604 1255 660 loquendi

1753 111 1833 156 275

1315 213 1352 231 ex
1366 213 1423 242 quo
1441 212 1512 232 rure
1529 203 1642 241 prodiit
1659 202 1782 240 Remus,
1808 205 1829 240 ἐς

1315 252 1350 275 tu
1365 256 1512 285 quoque,
1530 247 1548 275 ὁ
1564 247 1829 283 Quiuzi‚att⁶1·2‹ns

1278 320 1292 327 -
1312 294 1449 318 aratrum
1465 289 1584 317 sulcata
1603 289 1716 326 humo,
1741 298 1827 327 quem

1272 330 1294 358 O
1311 336 1385 361 ante
1423 333 1508 361 bor-¹¹⁸
1547 332 1660 369 conjux
1693 333 1828 361 attonita

1310 376 1433 404 restitit
1472 374 1646 403 Dii-tatoris
1678 379 1769 411 reste,
1803 377 1826 412 ᾀ-

1309 419 1394 448 tinto
1402 418 1585 457 *reportarit
1594 423 1730 446 malrum
1743 422 1824 447 tuum

1309 462 1339 490 in
1357 463 1435 491 aedes
1456 467 1536 491 tuas.
1581 461 1701 498 Macte,
1724 460 1740 488 ὀ
1769 459 1827 489 Va-

1310 509 1379 539 tes;
1416 505 1566 543 reperitur
1594 504 1665 542 jam
1693 503 1825 542 aliquis,

1309 557 1395 586 quem
1403 547 1564 577 delectent
1573 547 1686 585 scripta
1699 546 1826 586 turgida

1309 591 1398 621 Acci
1411 589 1521 620 Brisei.
1567 590 1664 619 Mod&
1676 590 1826 627 reperim-

1309 638 1360 664 tur
1388 635 1548 669 homines,
1585 643 1658 672 quos
1690 632 1829 661 delineat

93 664 266 708 Venerit
288 665 329 706 in
355 665 512 721 linguas
530 666 542 693 >
580 664 689 704 ulid&
714 663 820 704 istud
840 663 1032 714 dedecus,
1055 662 1098 703 ln
1117 678 1201 719 quo
1240 664 1288 703 Sl
1308 677 1656 715 Pacuviuv‚aS·Arttiopa
1671 676 1825 705 salebrosa

92 722 314 765 Trossulus
332 724 486 763 exultat
509 721 579 762 tibi
602 735 671 776 per
693 720 881 762 subsellia
903 720 1014 762 laevis
1034 721 1047 761 ?

92 780 222 823 Nilne
245 781 368 835 pudet
387 779 510 835 capiti
531 793 614 819 non
633 793 751 833 posse
773 778 952 833 pericula
973 792 1076 819 cano

1306 721 1437 750 animum
1450 721 1566 750 tristem
1580 720 1702 749 habens
1715 717 1825 748 dolori-

1306 763 1361 793 bus
1374 764 1532 794 obsessum.
1573 762 1825 800 Quandoquidem

1304 807 1402 836 cernis
1418 811 1562 844 parentes
1578 807 1739 845 lippientes
1751 815 1828 846 sug-

89 861 196 891 gerere
208 850 270 880 lioec
281 855 434 889 prerepto
443 849 616 888 juvenibm,
634 858 760 884 rogasne
773 847 853 877 unde
877 849 936 878 isla
953 849 1073 878 dicendi
1081 848 1205 887 patella
1220 850 1263 879 ad
1283 860 1315 879 os
1323 849 1522 889 pervenerit?
1548 851 1573 879 δε
1593 850 1671 879 unde*
1687 848 1741 877 hoc
1752 859 1826 887 pro-

92 894 178 924 brum
189 895 355 931 t·eniat,a‹l
369 895 448 931 quod
464 892 520 921 tibi
531 891 652 921 subsilit
662 891 767 930 Eques
777 891 1067 931 Rumanuspolitus,
1076 902 1134 931 per
1145 893 1228 922 sedes
1242 892 1398 932 inferiores
1409 893 1424 922 ‚P
1448 893 1583 923 Nullorie
1593 893 1711 932 pudore
1723 891 1824 930 affice-

93 938 136 968 ris
151 938 238 978 quod
255 946 386 976 nequeas
398 946 500 965 arcere
508 935 677 975 periculum
693 936 712 965 ἀ
729 935 829 974 capite

132 1080 272 1120 Ronque
291 1090 346 1119 per
362 1080 504 1111 ardentes
520 1078 638 1119 stipulae
655 1079 836 1119 crepitantis
852 1089 936 1109 acer-

260 1134 311 1154 vos

181 1167 333 1208 Trajicias
346 1167 438 1198 celeri
449 1172 573 1198 strenua
588 1168 718 1197 membra
730 1166 821 1206 pede.

92 1209 137 1242 Et
153 1219 224 1251 post
239 1224 245 1241 :

137 1255 249 1286 Omnia
261 1259 378 1296 purgat
393 1255 472 1284 edax
485 1252 578 1294 ignis,
595 1254 759 1292 vitium-fue
775 1254 897 1284 metalli

177 1299 334 1337 Ercoquit
345 1309 358 1333 ,·
381 1298 491 1327 idcirco
505 1306 572 1326 cum
589 1297 662 1326 duce
674 1301 792 1336 purgat
808 1308 884 1327 ores.

136 1345 188 1373 73.
216 1341 303 1371 Unde*
320 1341 446 1379 Remus]
473 1341 547 1372 Quo
570 1349 612 1369 ex
635 1350 710 1380 agro
737 1341 851 1378 prodiit
877 1340 935 1370 Re—

92 1395 165 1416 mus
190 1395 267 1415 cum
290 1385 385 1415 fratre
408 1384 528 1414 scilicet
556 1382 717 1421 Romu103
744 1385 771 1413 ἀ
798 1384 935 1413 Romam

88 1429 305 1459 condiderunt
340 1428 425 1458 eirca
460 1425 648 1456 Paliliorum
685 1426 782 1457 diem.
840 1426 935 1456 Ovid.

93 1472 176 1502 Fast.
191 1475 221 1502 4.

135 1515 301 1554 Dentalia]
317 1513 459 1546 Dcntale
475 1522 544 1553 pars
558 1514 652 1544 aratri
667 1514 771 1554 lignea
785 1513 838 1543 cui
856 1522 935 1552 prae·

91 1557 200 1598 figitur
215 1568 334 1589 vomer.

139 1601 258 1640 Quinti]
282 1602 375 1633 Unde
392 1606 429 1631 tu
449 1610 583 1641 quoque
599 1600 754 1640 prodiisti,
777 1601 796 1630 ὀ
818 1599 936 1633 Quinti

93 1644 300 1683 cincinnate,
328 1646 384 1684 qui
411 1654 454 1674 ex
482 1650 584 1674 aratro
607 1644 648 1674 ad
672 1644 876 1674 Dictaturam
901 1652 933 1672 es

91 1694 254 1718 evocatus.
298 1687 364 1718 Tit.
381 1688 453 1720 Liv.
470 1687 524 1717 lib.
542 1689 572 1717 3.

139 1733 189 1762 74.
213 1732 403 1761 Dictatorem
431 1729 547 1768 induit]
585 1731 763 1768 Dictatura,
786 1740 934 1761 summus

93 1773 315 1805 Romanorum
340 1774 545 1814 Magistratus
567 1783 625 1803 sex
653 1774 817 1803 mensibus
843 1774 936 1804 dura-

91 1817 148 1848 bat
160 1829 165 1846 :
191 1818 306 1848 licebat
316 1825 426 1847 tamen
439 1824 514 1846 ante
527 1821 657 1855 tempus
668 1817 830 1846 abdicare:
848 1818 936 1855 quod

92 1859 168 1890 fecit
185 1860 306 1891 Lucius
322 1861 377 1890 ille
392 1859 562 1897 Quintius,
585 1867 659 1900 post
674 1860 739 1889 dies
758 1859 937 1898 sexdecim,

92 1903 251 1943 rediitque
274 1904 312 1934 ad
343 1913 426 1942 opus
455 1904 624 1941 rusticum,
663 1902 834 1941 postquam
869 1913 935 1934 rem

92 1946 277 1977 Romanam
293 1947 326 1977 in
344 1953 415 1976 tuto
428 1945 626 1984 collocasset,
642 1946 775 1975 liberato
794 1946 937 1977 Consule

90 1987 131 2019 L.
156 1989 312 2028 Minutio,
339 1999 439 2029 quem
457 1990 619 2019 obsessum
638 1989 671 2018 in
688 1989 808 2028 Algido
824 1997 937 2020 monte

87 2033 156 2070 jam
178 2033 245 2063 dies
266 2033 392 2071 aliquot
414 2033 566 2063 tenebant
580 2031 683 2070 AEqui
706 2032 824 2062 hostes.
869 2033 934 2064 Tit.

90 2075 162 2105 Liv.
181 2076 234 2105 lib.
248 2078 280 2106 3.
299 2085 369 2114 cap.
387 2078 441 2107 27.
459 2077 487 2105 &
503 2075 729 2114 sequentibus.

141 2117 241 2159 Uxor]
276 2119 412 2149 Racilia:
451 2119 585 2157 trepide,
615 2119 682 2148 sive
714 2128 776 2157 prae
807 2120 937 2158 gaudio,

93 2162 158 2192 sive
172 2171 234 2200 prae
248 2168 380 2200 stupore
395 2162 435 2191 ob
451 2162 694 2200 inexpectatum
711 2162 878 2202 honorem,
907 2164 934 2193 ἃ

91 2204 261 2235 discrimen
281 2214 384 2235 rerum
401 2204 636 2234 Romanorum.

137 2249 189 2278 75.
213 2247 317 2288 Euge,
332 2246 448 2285 Poeta]
484 2247 576 2277 Bono
591 2252 659 2276 esto
672 2247 781 2277 animo
795 2259 802 2276 ι
827 2258 868 2278 en
883 2249 937 2279 alii

92 2294 203 2320 tecum
220 2295 331 2321 amant
344 2291 442 2320 etiam
457 2290 605 2329 antiqua,
628 2289 780 2328 obsoleta,
797 2292 934 2331 turgida.

92 2333 226 2371 Ironice,
243 2335 270 2364 &
284 2333 416 2364 satirice.

137 2376 189 2407 76.
209 2376 327 2416 Brisei]
361 2377 435 2407 Hoc
451 2376 569 2407 Bacchi
583 2385 764 2416 cognomen
788 2377 940 2408 tribuitur

92 2418 209 2458 Accio,
225 2421 275 2450 vel
292 2420 380 2459 quod
397 2421 430 2450 in
446 2419 566 2449 Bacchi
577 2420 728 2449 clientela
743 2426 819 2449 sunt
835 2419 937 2451 Po'e'tae

91 2461 232 2503 Tragici,
257 2464 308 2493 vel
325 2464 411 2502 quod
434 2463 574 2493 Bacchas
588 2461 790 2502 Tragoediam
808 2464 939 2502 scripse-

95 2511 151 2535 rat.
197 2506 299 2545 Magis
325 2513 437 2537 tamen
475 2506 580 2545 placet
615 2515 692 2535 cum
723 2506 793 2535 aliis
824 2507 939 2546 legere,

93 2546 210 2578 Briseis
234 2549 339 2589 (quod
362 2559 483 2579 nomen
509 2549 625 2587 puellae
649 2555 708 2585 est,
734 2549 773 2578 de
787 2558 852 2588 qua
871 2549 937 2580 Ho-

94 2600 202 2621 merus
218 2593 330 2630 passim
347 2593 380 2623 in
398 2592 509 2629 Iliade,
523 2592 550 2621 ὃ(
562 2591 655 2621 Ovid.
670 2591 772 2630 Epist.
789 2592 837 2631 3.)
853 2598 889 2622 ut
901 2594 942 2624 sit

94 2635 210 2664 titulus
223 2635 401 2676 Tragoediae
424 2636 464 2667 ab
487 2634 590 2664 Accio
613 2635 759 2673 scriptae3
784 2637 940 2672 quemad-

95 2677 230 2707 modum
257 2679 390 2717 ponitur
417 2687 497 2710 mox
525 2678 674 2717 Antiopa
698 2677 833 2707 Pacuvii
857 2679 938 2710 Tra-

96 2721 211 2760 goedia.

145 2761 278 2794 Vaenosus
301 2764 389 2804 liber]
425 2765 528 2798 Quasi
558 2764 646 2794 venis
683 2763 941 2802 prominentibus

97 2812 240 2836 tumens,
287 2806 382 2838 Porro
408 2809 487 2848 quid
515 2808 708 2837 Turnebum
738 2807 875 2836 moverit
902 2814 941 2838 ut

96 2849 273 2889 legendum
295 2859 375 2887 esse,
399 2861 542 2889 noevosus,
558 2852 784 2890 suspicaretur,
805 2859 864 2880 nec
880 2861 940 2890 ego

96 2900 251 2931 suspicari
265 2902 408 2931 possum.

140 2933 235 2973 Acci]
259 2935 346 2966 Cave
370 2937 467 2976 legas,
487 2937 575 2967 Actii
630 2935 699 2966 Nec
722 2936 812 2964 enirn
835 2933 942 2975 quui-

98 2982 165 3016 tur,
179 2978 235 3008 hic
250 2977 371 3009 Persius
387 2979 428 3009 de
442 2979 594 3009 Labeone
613 2980 722 3015 Actio,
736 2977 776 3007 de
798 2987 865 3017 quo
876 2980 945 3015 jam

98 3021 185 3059 satis,
201 3021 257 3050 sed
271 3021 311 3050 de
326 3021 429 3057 Lucio
445 3023 545 3052 Accio
561 3029 668 3052 vetere
682 3019 778 3051 Poeta
796 3023 823 3052 δι
848 3021 946 3051 Pacu-

101 3063 145 3094 vii
161 3070 342 3103 coaetaneo,
368 3065 467 3105 paulo
483 3070 590 3097 tamen
604 3065 746 3104 juniore,
762 3071 863 3104 quem
879 3064 948 3094 lau-

977 1080 1055 1110 dant
1070 1079 1160 1111 Tull.
1173 1089 1230 1121 pro
1247 1081 1362 1111 Archia
1375 1080 1481 1111 Poeta.
1507 1079 1649 1110 Macrob.
1665 1078 1823 1109 saturnal.

979 1123 1033 1153 lib.
1055 1127 1081 1154 1.
1099 1135 1169 1163 cap.
1185 1127 1214 1155 7.
1252 1124 1333 1155 Item
1346 1125 1399 1154 lib.
1418 1124 1447 1153 6.
1462 1133 1531 1162 cap.
1554 1126 1582 1162 1,
1595 1124 1629 1160 2,
1645 1124 1673 1151 ὰ
1692 1123 1721 1150 5.
1762 1121 1823 1151 Va·

980 1166 1076 1197 lerius
1090 1167 1249 1197 Max.lib.
1263 1168 1292 1198 3.
1311 1177 1380 1207 cap.
1398 1169 1427 1198 7.
1442 1174 1498 1197 art.
1516 1169 1563 1196 11.
1591 1165 1675 1195 Vide
1690 1165 1717 1194 δε
1738 1163 1823 1203 Lyli-

981 1219 1037 1240 um
1057 1209 1236 1241 Giraldum.

1027 1255 1078 1284 77.
1102 1253 1271 1293 Pacuvius]
1308 1253 1545 1290 Brundusinus,
1568 1253 1722 1292 antiquus
1747 1251 1823 1281 Tra-

980 1296 1242 1336 goediogmphm,
1259 1298 1326 1327 imo
1340 1296 1572 1337 Tragoedorum
1591 1296 1753 1334 Princeps,
1767 1296 1824 1324 ali-

981 1345 1106 1377 quanto
1128 1340 1235 1377 junior
1264 1340 1390 1378 Plauto,
1419 1340 1515 1370 Ennii
1539 1349 1580 1369 cx
1606 1349 1709 1369 sorore
1726 1347 1825 1376 nepos

977 1381 1077 1412 fuisse
1092 1383 1217 1412 dicitur.
1244 1384 1290 1413 M.
1307 1383 1439 1413 Pacuvii
1457 1385 1483 1413 δε
1503 1382 1542 1411 Ι...
1558 1383 1650 1412 Accii
1666 1382 1825 1420 colloqui-

981 1434 1038 1455 um
1065 1436 1106 1455 ex
1132 1427 1297 1456 occasione
1323 1427 1446 1456 factum
1465 1425 1612 1462 Tarenti,
1641 1426 1710 1465 lege
1737 1425 1824 1463 apud

980 1469 1146 1507 Agellium
1171 1470 1227 1499 lib.
1248 1471 1297 1499 13.
1326 1479 1352 1499 e.
1369 1471 1401 1499 2.
1429 1471 1507 1499 irem
1532 1469 1701 1507 utriusque
1725 1468 1825 1506 elogia

979 1511 1067 1548 apud
1086 1513 1223 1543 Quintil.
1238 1512 1290 1543 lib.
1310 1513 1358 1542 10.
1377 1523 1405 1543 c.
1430 1516 1457 1542 1.
1502 1512 1653 1542 Duorum
1669 1512 1825 1541 horumce

979 1554 1147 1585 Poetarum
1175 1556 1276 1595 stylus
1306 1556 1437 1594 quidem
1463 1565 1554 1595 asper
1584 1555 1613 1584 &
1643 1555 1755 1592 durus,
1779 1561 1826 1585 at-

979 1602 1088 1628 tamen
1103 1599 1271 1628 interlucet
1288 1600 1466 1629 sententiis.

1026 1640 1207 1683 Verrucosa]
1230 1641 1332 1675 Quasi
1358 1643 1495 1673 verrucis
1523 1644 1552 1672 δι
1576 1643 1756 1672 tumoribus
1779 1653 1827 1671 as-

977 1694 1063 1723 pera.

1023 1729 1073 1758 78.
1097 1728 1245 1768 Anliopa]
1268 1729 1349 1770 Lyci
1363 1730 1551 1760 Thebarum
1569 1729 1667 1769 Regis
1682 1740 1766 1760 uxor
1782 1731 1822 1760 ob

979 1771 1070 1801 Jovis
1098 1774 1310 1803 concubitum
1333 1775 1351 1803 a
1374 1775 1440 1803 viro
1471 1772 1645 1812 repudiata.
1690 1774 1823 1803 Titum<

981 1821 1028 1843 est
1042 1814 1219 1854 Tragoediae
1238 1816 1440 1853 Pacuflanzz,
1464 1817 1515 1854 cuj
1524 1826 1557 1845 us
1575 1817 1723 1846 meminit
1738 1817 1822 1847 Tul-

980 1856 1043 1886 lius
1061 1858 1152 1887 initio
1171 1858 1257 1888 Libri
1277 1861 1300 1889 l.
1321 1860 1360 1888 de
1377 1860 1521 1889 Finibus.

1022 1899 1291 1940 AErumnisfulea]
1317 1902 1352 1932 ld
1377 1909 1436 1940 est,
1460 1903 1524 1931 suis
1554 1912 1588 1931 se
1616 1903 1747 1933 miseriis
1772 1913 1823 1933 ςυ-

979 1950 1133 1981 meinans,
1150 1945 1301 1974 indurans
1315 1957 1321 1973 :
1346 1946 1397 1975 vel
1420 1946 1650 1975 circumcincta
1664 1947 1825 1976 calamita-

981 1987 1078 2025 tibus,
1097 1988 1288 2026 Mctaphora
1303 1989 1377 2018 satis
1393 1989 1480 2024 dura,
1506 1998 1604 2026 quarn
1622 1999 1664 2018 ex
1681 1991 1750 2028 ipso
1768 1991 1822 2020 Pa-

980 2031 1077 2059 cuvio
1090 2031 1314 2070 depromptam
1332 2032 1384 2061 hic
1398 2042 1441 2069 re,¹
1457 2032 1585 2061 rehendi
1600 2034 1752 2064 nonnulli
1769 2044 1823 2063 au-

982 2081 1111 2103 tumant
1126 2086 1130 2102 :
1159 2075 1242 2104 sicut
1260 2077 1288 2104 ἃ
1307 2085 1433 2111 vocem,
1447 2074 1651 2112 luctificabile.

1025 2117 1076 2147 79.
1101 2117 1441 2156 Hos-puerismonilns]
1478 2119 1619 2158 Nempe,
1646 2126 1682 2149 ut
1709 2127 1826 2150 veteres

981 2158 1093 2190 Poetas
1108 2167 1280 2191 sectentur.

1025 2204 1076 2233 80,
1101 2202 1251 2244 Sartago]
1274 2205 1338 2235 Vas
1364 2206 1515 2244 patulum
1542 2206 1574 2234 in
1602 2215 1668 2245 quo
1691 2207 1752 2236 cibi
1774 2207 1828 2237 fri-

981 2251 1110 2285 guntur.
1159 2247 1353 2287 Metaphora
1372 2258 1428 2286 pro
1441 2249 1578 2287 strepitu
1603 2249 1752 2279 ferventis
1766 2261 1826 2280 sar-

983 2290 1110 2329 taginis,
1124 2291 1179 2320 cni
1194 2291 1332 2321 similem
1350 2291 1415 2320 edit
1428 2301 1546 2321 sonum
1563 2293 1662 2321 oratio
1684 2293 1826 2333 confusa,

985 2333 1013 2362 δέ
1030 2334 1161 2363 vocibus
1177 2335 1267 2363 novis
1280 2335 1376 2364 simul
1391 2336 1419 2364 Sc
1436 2335 1586 2364 obsoletis
1602 2336 1754 2365 conferta.

1027 2375 1078 2406 81.
1112 2377 1267 2416 Dedecus]
1302 2377 1424 2407 infame
1452 2378 1580 2407 dicendi
1605 2379 1829 2419 scribendique

983 2428 1097 2458 genus.

1028 2462 1079 2492 82.
1105 2463 1277 2505 Trossuluc]
1302 2465 1333 2494 A
1347 2464 1498 2495 Trossulo
1509 2464 1692 2494 Tuscorum
1705 2467 1828 2505 oppido

982 2505 1050 2536 sine
1067 2507 1215 2545 peditum
1239 2518 1301 2546 ope
1317 2516 1426 2547 capto,
1450 2508 1584 2545 Equites
1603 2507 1740 2538 Romani
1755 2519 1830 2550 cog-

984 2550 1144 2579 nominati
1171 2558 1248 2581 sunt
1279 2551 1432 2580 Trossuli.
1477 2551 1655 2589 Accipiunt
1679 2552 1732 2581 alii
1757 2563 1829 2592 pro,

983 2591 1160 2622 Torosulus
1177 2594 1327 2623 diminut.
1342 2595 1359 2623 a
1374 2594 1533 2631 Torosus;
1560 2600 1596 2622 ut
1607 2599 1759 2625 notentur
1773 2596 1832 2627 ho·

985 2636 1088 2665 mines
1104 2636 1276 2666 delicatuli.

1026 2678 1191 2718 subsellia]
1245 2679 1309 2708 Vei
1346 2679 1463 2717 quibus
1496 2679 1684 2718 spectabant
1722 2682 1832 2713 Ludos

982 2721 1118 2760 Equites
1138 2722 1287 2758 Romani,
1303 2722 1353 2750 vel
1372 2723 1488 2760 quibus
1505 2725 1706 2754 recitationes
1723 2726 1830 2754 audie«

982 2765 1073 2802 bar-t,
1095 2771 1131 2793 ut
1147 2766 1243 2803 supra
1259 2764 1328 2793 fuse
1352 2766 1510 2804 explicui,
1532 2766 1571 2795 ad
1597 2777 1674 2798 eum
1701 2768 1832 2797 locum:

982 2807 1059 2836 Sede
1075 2806 1158 2846 leges
1172 2807 1266 2836 celsa.

1028 2851 1080 2880 83.
1103 2849 1201 2879 Nilne
1211 2849 1325 2889 pudet]
1359 2850 1435 2881 Jam
1454 2862 1508 2882 eos
1525 2853 1698 2883 in=ectatur
1715 2854 1837 2884 Persius

986 2893 1044 2931 qui
1059 2893 1220 2922 lenocinia
1236 2894 1405 2923 verborum
1423 2891 1490 2925 ta‘rn
1506 2895 1658 2930 studiose,
1687 2898 1751 2926 imo
1769 2904 1836 2928 tarn

988 2936 1087 2966 stulte
1103 2935 1269 2973 adhibent,
1293 2943 1329 2966 ut
1344 2937 1378 2966 in
1394 2947 1433 2967 eo
1458 2939 1525 2968 vim
1543 2939 1692 2968 orationis
1716 2942 1837 2970 consti-

989 2983 1098 3016 tuant,
1115 2979 1256 3017 ipsisque
1273 2980 1305 3008 in
1322 2981 1424 3010 causis
1441 2981 1631 3020 capitalibus
1647 2982 1752 3011 valere
1773 2993 1836 3022 pu-

992 3028 1079 3051 tent:
1103 3021 1183 3051 adeo
1196 3031 1254 3051 sua
1270 3022 1340 3052 illos
1359 3029 1506 3054 excoeeat
1521 3033 1603 3054 vana
1619 3026 1840 3057 ostentationis

994 3065 1022 3093 &
1041 3064 1145 3104 gloriae
1161 3065 1265 3096 inanis
1281 3065 1411 3106 cupido.

918 3105 1013 3148 T2
