1948 3281
540 88 880 136 JUVENALIS
917 86 1139 131 SATIRA
1177 89 1279 133 V11.
1721 97 1793 138 131

288 186 452 240 Rumpe
475 182 598 225 miser
618 195 786 225 tensum
800 181 935 238 jecur,
956 189 1003 222 ut
1025 180 1098 222 tibi
1122 179 1227 221 lasso
1277 181 1399 220 Infelix
1415 182 1563 234 disrumpe
1574 188 1731 234 celeusma
1744 188 1794 218 he-

1273 235 1346 264 par,
1360 226 1489 263 utfcsso
1505 227 1561 257 teba
1577 233 1709 258 virentes
1720 233 1791 268 pac-

62 186 227 231 judice.

63 246 262 304 Figantur
281 243 428 285 virides
446 242 646 283 scalarum
669 240 797 297 gloria
820 239 982 294 palmae-
1277 279 1332 299 ,ηερ
1361 271 1510 300 amanum
1539 277 1714 301 ornamenta
1740 285 1795 302 a..

62 303 189 362 Quod
211 301 323 343 vocis
346 300 522 357 pretium
544 301 556 340 ?
593 299 739 341 Siccus
763 296 1070 353 petasunculus,
1096 295 1136 337 &
1156 311 1223 338 vas
1272 293 1460 349 pendZntur.
1526 313 1641 352 Ecqua·
1684 286 1793 346 meni„-

64 359 337 410 Pelamidum‚
360 368 430 400 aut
452 368 619 409 veteres,
641 357 840 399 Afrorum
864 353 1083 410 epimenia,
1107 353 1242 405 bulbi3
1277 356 1447 406 ⁰1·022'⁰{²l³?
1472 357 1571 386 Arida
1584 360 1794 408 perr-mmm...

61 419 153 461 Aut
174 418 318 460 vinum
339 415 476 458 Tiberi
499 416 731 467 devectum,
753 413 938 470 quinque
960 412 1131 468 lagenae.
1186 400 1792 474 121Ρῗξξιζζξξζζζιζιξξξηξξζξζῑξξξζζξ,

60 475 109 518 Si
130 485 274 532 quater
295 473 430 531 egisti,
455 474 489 515 si
512 472 688 529 contigit
709 486 853 514 aureus
878 485 1000 520 unus,
1277 476 1328 524 ru3
1355 488 1522 516 calmet-um
1538 486 1639 516 'mm
1651 458 1793 525 ‹12›mess

61 534 168 575 Inde
189 533 342 574 cadunt
364 541 510 587 partes,
534 546 583 572 ex
604 531 758 572 foedere
780 529 1144 584 pragmaticorum.
1270 533 1351 611 zum,
1365 529 1673 604 valisloelazeggvzgg
1684 536 1793 603 ([αιὲῑιζνι·

60 590 238 634 AEmilio
261 589 422 631 dabitur
474 598 647 631 uantum
698 596 802 629 etet:
840 587 879 628 ὃς
898 586 1049 627 melius
1071 600 1147 627 nos
1297 584 1398 603 efflas
1415 584 1434 631 ιζ
1596 584 1622 603 ⁸²
1676 584 1730 603 ven
1751 584 1776 603 Π

59 648 253 705 Egimus.
288 647 428 704 Hujus
443 605 562 688 c<inim
585 603 826 688 statpcurrus
849 646 1043 694 aheneus,
1068 643 1137 684 alti
1183 644 1258 684 125
1275 626 1671 697 23222112312'2550713222'
1693 627 1793 700 {22⁰

61 706 338 762 Ouadrijuges
363 706 407 746 in
427 704 654 754 vestibulis,
678 713 799 758 atque
823 702 907 756 ipse
928 701 1055 742 feroci
1273 705 1463 753 mazicarum,
1479 704 1638 751 semaam
1651 707 1788 742 pactum·

61 752 104 808 ff
125 763 151 805 u
298 779 320 789 ·.
780 759 802 800 ‘1
899 758 905 765 ·
1273 746 1400 776 AEmzlw
1448 746 1605 776 donabatur
1644 750 1792 785 quantum

103 779 123 805 e
151 773 266 828 ‘atore
288 763 430 804 sedens
447 771 662 824 curvatum
685 762 788 801 hasti
808 774 829 799 e
850 768 1033 823 minatur
1267 790 1438 828 postulabit
1454 801 1462 817 :
1488 800 1525 819 αἲ
1542 799 1594 818 no.-
1610 790 1712 829 periae,
1729 800 1792 819 ma-

61 823 264 870 Emmus‚
291 821 330 862 Sc
351 821 485 861 statua
507 819 727 860 meditatur
748 816 887 872 praelia
907 816 1038 857 lusca.
1269 835 1321 872 gis
1339 833 1558 872 per(,m2,s„m,
1604 832 1684 862 Nam
1708 832 1793 862 mim

61 879 131 922 Sic
156 879 264 920 Pedo
287 876 520 928 conturbat,
543 877 711 927 Matho,
736 874 872 916 deficit
890 891 902 927 3
936 874 1067 915 exitus
1090 872 1158 914 hic
1180 882 1240 914 est
1272 877 1304 905 ὑὶ
1319 878 1398 926 ιξὲνὶο
1412 880 1624 925 esicio-rusa
1641 887 1791 915 ‘eremw-

8 933 15 937 “
1274 930 1334 950 σενι
1346 921 1556 958 quadrijugae,
1566 930 1687 959 ipseque
1697 929 1790 959 gene-

62 980 128 1000 roso
143 970 182 1000 ad
197 968 307 999 bellum
322 977 408 1007 equo
424 968 554 997 insidens
571 968 662 996 telum
684 966 827 1003 inflexum
850 967 960 1004 procul
983 965 1129 1004 intentat,
1153 975 1190 995 ac
1213 964 1313 1005 effigie
1336 962 1443 993 coclite
1467 963 1588 992 molitur
1611 963 1789 992 certamina.

60 1013 115 1045 Ila
127 1012 212 1044 Pedo
226 1011 408 1051 commiscet,
423 1009 538 1041 Matho
553 1009 717 1040 succumbit
729 1022 738 1038 :
764 1010 815 1039 ille
830 1009 958 1046 eslfinis

845 1101 976 1111 ——-

107 1168 180 1198 117.
203 1165 322 1206 Rumpe
339 1166 428 1196 miser
443 1170 559 1195 tensum
568 1164 676 1203 jecur]
701 1165 755 1194 Tu
773 1166 842 1203 jam
859 1164 906 1194 la-
949 1172 1018 1193 non
1033 1167 1146 1194 autem
1161 1162 1248 1203 quod
1262 1163 1302 1192 sit
1313 1163 1444 1192 adverso
1461 1160 1570 1192 Tiberi
1583 1160 1788 1200 deportatum

63 1215 141 1249 tera,
158 1211 343 1249 pulmones,
360 1212 389 1240 Sc
408 1210 501 1247 jecur
516 1210 573 1238 bili
590 1209 728 1247 plenum
746 1209 774 1237 5.-
792 1217 905 1238 accen-
949 1207 1000 1236 vel
1017 1207 1034 1236 ὲ
1048 1207 1264 1237 transmarinis
1280 1206 1472 1246 regionibus,
1485 1206 1538 1235 vel
1552 1205 1649 1235 etiam
1661 1204 1679 1233 ὲ
1692 1204 1788 1234 Cam—

61 1263 135 1284 sum
150 1253 247 1293 fatiga
263 1253 477 1291 vociferando,
494 1253 522 1281 S:
540 1262 628 1281 vanae
646 1252 750 1291 gloriae
773 1252 903 1290 pluscu-

61 1295 132 1327 lum
147 1298 326 1336 serviendo,
348 1303 406 1326 aut
420 1296 539 1326 lucello
555 1296 656 1324 tenui.

108 1340 179 1370 118.
203 1339 357 1381 Figuntur
371 1339 483 1369 virides
497 1340 646 1367 scalarum
659 1337 762 1377 gloria
776 1337 903 1376 palmoe]

60 1382 116 1413 Ex
129 1392 219 1413 more
243 1384 358 1423 palmis
383 1387 559 1412 exornetur
574 1382 738 1419 veljanua
760 1386 823 1411 tuae
848 1382 903 1411 do-

61 1425 145 1464 mus,
159 1427 210 1456 vel
225 1427 337 1466 gradus
352 1425 472 1465 pulpiti
494 1424 512 1454 ὲ
536 1434 603 1463 quo
627 1425 744 1454 dixeris
759 1435 903 1463 causam,

60 1474 161 1509 atque
175 1470 297 1500 viceris.
342 1469 480 1499 Martial.
492 1468 548 1498 lib.
562 1471 593 1499 7.
605 1468 716 1507 ,Ερὶςιπ
728 1469 782 1498 27.

146 1511 280 1548 Sicfora
293 1514 455 1550 mirentur,
470 1511 515 1541 sic
529 1516 559 1540 te
569 1511 694 1550 palatiu
710 1510 859 1548 laudent,-

190 1555 327 1586 Excolat
340 1558 363 1594 ᾇ
376 1556 516 1596 geminas
525 1554 661 1593 plurima
672 1556 780 1593 palma
786 1555 889 1593 fores.

102 1597 263 1628 Scalarum
281 1599 402 1640 gloria]
433 1598 528 1637 Apud
549 1601 663 1627 veteres
686 1598 901 1628 advocatorum

59 1642 197 1671 armaria
221 1644 321 1671 scalas
346 1641 509 1679 Ιιαίεόαηΐ,
539 1641 648 1680 inquit
673 1646 766 1671 vetus
794 1643 901 1672 Schol.

60 1685 129 1715 Alii
145 1685 332 1724 pauperiem
346 1685 579 1714 causidicorum
592 1684 668 1713 hinc
680 1685 775 1714 aiunt
785 1686 902 1722 notari,

65 1728 123 1766 qui
142 1728 324 1758 habitarent
340 1729 374 1757 in
390 1727 577 1761 coenaculiS,
602 1727 641 1756 ad
657 1737 731 1765 quae
755 1737 823 1757 non
840 1729 903 1758 nisi

60 1779 118 1810 per
133 1771 231 1801 scalas
245 1771 494 1801 ascendebatur:
520 1779 600 1809 quas
623 1769 757 1809 proinde
780 1771 815 1800 in
838 1772 902 1801 vic-

60 1814 149 1843 toriae
162 1814 292 1854 signum
309 1815 423 1853 palmis
439 1814 630 1852 integerent.

104 1858 177 1888 119.
199 1857 303 1887 Siccus
328 1856 563 1896 petasunculus]
598 1855 750 1895 Exiguus
779 1861 902 1897 petaso,

56 1904 221 1930 vetustate
233 1910 389 1931 exuccus.
418 1899 501 1929 Vide
513 1899 653 1930 Martial.
671 1899 726 1929 lib.
744 1900 796 1930 13.
808 1900 902 1942 Epig.

106 1986 167 2017 Vas
178 1985 381 2026 pelamidum]
404 1986 543 2017 Plenum
567 1985 727 2025 pisciculis
744 1985 822 2025 istis,
844 1989 902 2026 qui

57 2035 136 2060 sunt
149 2031 287 2060 minores
311 2031 441 2069 thynni,
463 2029 540 2059 dicti
563 2030 581 2058 a
603 2029 698 2066 πηλέ,
721 2029 802 2058 limo.
849 2031 901 2061 De

57 2070 107 2101 his
122 2073 196 2102 vide
210 2073 334 2103 Athen.
346 2073 401 2103 lib.
416 2073 446 2102 8.
463 2081 534 2111 cap.
552 2073 601 2102 14.
649 2073 732 2102 Plin.
750 2072 806 2102 lib.
822 2073 852 2104 9.
869 2084 897 2104 c.

59 2115 112 2143 15.
128 2116 156 2144 δε
174 2115 226 2145 lib.
241 2117 295 2145 82.
310 2125 380 2154 cap.
402 2118 451 2145 11.

103 2158 178 2188 120.
201 2158 365 2197 Afrorum]
389 2158 489 2196 Alias,
506 2158 700 2189 Illam-orum.

99 2199 285 2242 Epimenia]
310 2201 390 2231 Vox
416 2201 539 2240 Graeca,
562 2203 654 2240 quasi
675 2203 788 2241 pensio
806 2213 897 2234 men-

55 2248 155 2283 strua,
171 2244 202 2274 id
218 2250 278 2283 est,
296 2245 396 2274 xenia
408 2245 461 2275 vel
476 2246 571 2281 dona,
586 2254 663 2283 quae
682 2246 749 2275 Afri
764 2246 898 2278 missita-

55 2286 135 2317 bant
162 2287 317 2318 Romanis
339 2293 423 2327 quot
445 2288 610 2318 mensibus
627 2288 666 2317 ad
683 2289 899 2321 conciliandos

55 2339 110 2360 eos
139 2331 206 2361 sibi.
253 2332 341 2362 Sunt
370 2332 427 2370 qui
458 2332 579 2371 legant,
603 2331 748 2369 armenia,
776 2331 808 2361 id
839 2341 898 2372 est,

55 2374 174 2412 caules,
197 2375 264 2413 alii,
279 2374 463 2414 epimendia,
480 2374 533 2404 sed
549 2375 624 2404 istos
638 2374 764 2414 egregie
780 2377 896 2415 suggil-

53 2417 99 2447 lat
117 2417 326 2448 Casaubonus
343 2418 378 2447 in
394 2417 515 2449 Athen.
534 2417 589 2447 lib.
607 2419 638 2447 2.
652 2428 722 2456 cap.
737 2419 790 2447 22.

95 2459 206 2499 Bulbi]
230 2461 362 2491 Tubera
376 2461 461 2499 allia,
485 2470 586 2499 cepae,
609 2461 747 2500 squillae,
770 2470 896 2493 omnes-

53 2511 120 2541 que
134 2504 248 2534 radices
266 2504 409 2534 rotundae
427 2506 456 2534 ὅσ
470 2505 633 2534 tunicatae.
655 2504 779 2534 Athen.
794 2505 848 2534 lib.
865 2508 896 2536 2.

53 2553 81 2575 c.
97 2547 150 2576 23.
172 2547 212 2576 de
238 2546 335 2577 bulbis
348 2548 455 2577 multa
471 2548 500 2576 Sc
516 2548 624 2585 varia3
646 2547 700 2577 ubi
715 2548 744 2577 ὅ(
767 2547 896 2579 Prover-

52 2588 158 2627 bium,
171 2588 302 2620 Bulbum
322 2591 350 2621 si
364 2591 495 2629 expetis,
517 2590 579 2629 quii
603 2589 738 2628 impensu
758 2590 894 2630 gloriam

51 2631 93 2660 sis
107 2632 286 2671 adepturus,
299 2634 412 2673 cogita.
462 2633 677 2672 Theophrast.
690 2633 774 2663 Hist.
790 2633 844 2663 lib.
860 2637 891 2666 7.

53 2683 80 2704 c.
100 2676 151 2704 13.
169 2676 198 2704 δε
216 2685 258 2704 ex
271 2676 319 2706 his
332 2677 475 2708 Plin.lib.
494 2678 545 2708 19.
560 2686 632 2715 cap.
647 2679 676 2706 5.
688 2676 799 2706 dulces
812 2677 892 2708 adeo

51 2716 168 2748 bulbos
185 2718 217 2747 in
231 2718 368 2749 Taurica
389 2721 590 2751 Chersoneso
615 2720 701 2749 nasci
726 2718 832 2758 refert,
854 2726 891 2752 ut

52 2760 142 2789 crudi
174 2761 388 2792 mandantur:
428 2768 502 2803 post
527 2773 608 2802 quos
633 2762 749 2801 optimi
771 2765 834 2793 sint
857 2765 891 2795 in

51 2802 176 2840 Africa,
205 2804 322 2834 deinde
348 2805 382 2835 in
407 2807 539 2846 Apulia.
584 2806 729 2838 Quidam
759 2805 887 2845 legunt,

51 2845 140 2884 balli,
157 2846 189 2875 id
209 2853 269 2884 est,
283 2847 427 2885 pisciculi
447 2850 585 2887 viliores,
602 2856 638 2879 ut
661 2850 887 2887 interpretatur

50 2886 69 2916 ὲ
99 2889 198 2918 veteri
224 2890 325 2929 glossa
350 2889 479 2930 Lipsius
505 2893 608 2931 Epist.
637 2896 748 2930 quaest.
778 2892 833 2921 lib.
859 2895 889 2922 4.

50 2929 154 2969 Epist.
167 2933 220 2961 25.
240 2932 296 2962 ubi
310 2935 417 2972 sperni
431 2940 519 2964 vetat
534 2936 705 2965 lectionem
720 2934 760 2963 de
785 2935 889 2965 bulbis

18 2997 19 3001 ,
50 2974 233 3013 vulgatam.

97 3018 169 3047 121.
198 3016 306 3048 Vinum
326 3018 426 3048 Tiberi
440 3020 608 3060 devectum]
633 3021 791 3061 Quinque
805 3021 889 3060 lage-

51 3066 101 3087 nae
119 3060 185 3090 vini
202 3062 312 3099 parum
329 3061 464 3100 laudati,
480 3066 600 3103 nempe
617 3065 752 3095 Romam
768 3064 891 3094 advecti

948 1250 1057 1289 pania,
1076 1252 1291 1289 exquisitum.

996 1294 1067 1324 123.
1091 1294 1170 1323 Inde
1193 1294 1307 1323 cadunt
1325 1296 1443 1332 partes,
1460 1290 1530 1332 gc]
1558 1291 1590 1320 Si
1605 1290 1700 1321 detur
1713 1301 1788 1321 cau-

946 1336 1045 1366 sidico
1070 1347 1226 1367 nummus
1248 1346 1362 1366 aureus
1386 1337 1475 1366 hunc
1498 1344 1565 1365 non
1589 1335 1686 1364 habet
1701 1333 1788 1364 inte-
1823 1332 1827 1334 ’

947 1389 1042 1418 grum
1064 1381 1137 1417 sibi,
1163 1380 1219 1410 sed
1242 1389 1284 1409 ex
1311 1380 1432 1409 foedere
1454 1378 1563 1418 partiri
1591 1377 1687 1407 debet
1711 1387 1789 1408 cum

945 1424 1164 1462 pragmaticis,
1178 1434 1236 1462 pro
1252 1423 1408 1453 collocata
1423 1423 1483 1451 sibi
1499 1430 1604 1460 opera.

988 1465 1272 1507 Pragmaticorum]
1290 1466 1335 1496 Hi
1347 1466 1368 1497 J
1373 1466 1435 1496 uris
1448 1467 1475 1495 Sc
1489 1465 1600 1504 legum
1614 1463 1789 1495 admodum

945 1510 1052 1548 periti,
1082 1510 1247 1540 causidicis
1272 1509 1415 1547 aderant,
1445 1510 1474 1539 &
1502 1508 1596 1538 verba
1618 1508 1788 1546 solemnia,

945 1552 1167 1593 formulasque
1189 1562 1357 1594 suggerere
1371 1552 1567 1592 satagebant.
1612 1550 1724 1581 Cicero
1748 1551 1789 1580 de

943 1595 1080 1627 Oratore
1099 1600 1127 1627 1.
1144 1606 1259 1627 eorum
1275 1596 1440 1633 meminit,
1462 1596 1573 1633 aitque
1600 1594 1676 1623 viles
1690 1594 1786 1623 fuisse

945 1638 1107 1678 homines,
1133 1642 1190 1680 qui
1213 1639 1365 1670 mercede
1379 1639 1531 1669 conducti
1554 1637 1728 1667 oratoribus
1752 1647 1785 1666 se

945 1683 1106 1713 ministros
1122 1684 1305 1723 praebebant
1319 1681 1507 1722 injudiciis.
1528 1681 1611 1710 Vide
1627 1681 1656 1710 δε
1671 1679 1786 1713 Quint.

945 1725 1002 1755 lib.
1024 1728 1074 1756 12.
1091 1736 1160 1766 cap.
1178 1729 1210 1757 3.

991 1770 1065 1800 124.
1089 1769 1232 1809 AEmilio]
1256 1770 1372 1801 Illustri
1390 1770 1481 1800 diviti
1496 1767 1666 1799 causidico.

990 1811 1111 1842 Melius
1125 1823 1178 1842 uos
1188 1814 1318 1854 egimus]
1349 1814 1458 1852 Atqui
1473 1822 1531 1842 nos
1546 1820 1702 1850 pauperes
1718 1820 1784 1840 me-

946 1854 1006 1884 lius
1033 1865 1163 1886 causam
1185 1856 1346 1886 diximus:
1370 1866 1428 1886 cur
1455 1856 1549 1895 igitur
1573 1862 1638 1884 non
1655 1863 1784 1892 aequam

947 1899 1132 1929 mercedem
1148 1900 1324 1938 accipimus
1339 1898 1349 1927 ?

992 1942 1063 1971 125.
1087 1943 1192 1982 Hujus
1205 1943 1284 1972 enim
1299 1945 1376 1980 stat,
1389 1941 1455 1980 ξω]
1478 1940 1600 1969 Verum
1616 1940 1782 1969 enimvero

947 1982 1097 2015 AEmilius
1111 1987 1146 2016 in
1164 1987 1288 2025 porticu
1297 1991 1438 2015 ostentat
1449 1984 1584 2023 insignia
1599 1983 1783 2019 nobilitatis,

946 2036 1065 2058 aereum
1078 2039 1295 2068 currum‚quo
1305 2029 1468 2066 majorum
1479 2026 1594 2064 aliquis
1603 2026 1782 2065 triumpha-

943 2070 1000 2109 vit,
1018 2072 1085 2102 imo
1099 2073 1127 2101 Sc
1144 2078 1283 2102 statuam
1301 2076 1485 2109 equestrem
1500 2070 1560 2099 sibi
1573 2075 1724 2098 erectam.

989 2115 1061 2145 126.
1087 2115 1309 2155 Quadrijuges]
1333 2114 1420 2153 Equi
1435 2113 1474 2144 ad
1490 2121 1619 2142 currum
1632 2117 1780 2150 quatuor⁴

942 2156 1024 2186 Vide
1041 2159 1172 2189 initium
1188 2159 1254 2189 Sat.
1271 2159 1300 2188 8.

983 2200 1055 2239 Ipse
1059 2202 1177 2240 feroci,
1194 2201 1261 2240 gc]
1285 2201 1364 2240 Ipsis
1377 2201 1474 2232 etiam
1491 2199 1655 2230 causidicis
1680 2208 1780 2237 pone-

939 2243 1057 2275 bantur
1071 2251 1183 2276 statuae
1200 2245 1386 2284 Equestres.
1432 2243 1569 2274 Martial.
1584 2242 1641 2271 lib.
1658 2242 1687 2273 9.
1704 2241 1781 2281 Epi-

941 2295 1044 2324 gram.
1063 2290 1114 2318 70.

1019 2331 1093 2360 Tam
1104 2341 1198 2370 grave
1209 2331 1362 2371 percussis
1376 2329 1535 2361 incudibus
1545 2339 1604 2358 oera
1616 2327 1778 2366 resultant,

1073 2373 1266 2405 Causidicum
1282 2375 1377 2404 medio
1392 2384 1458 2403 cum
1465 2374 1562 2410 jabet·
1575 2375 1665 2410 aptat
1681 2380 1766 2408 equo.

987 2418 1058 2448 127.
1086 2417 1266 2457 Curi-atum]
1297 2418 1378 2447 Tam
1407 2416 1522 2446 affabre
1545 2421 1650 2444 statua
1673 2414 1776 2444 efficta

940 2466 1000 2500 est,
1018 2467 1055 2491 ut
1072 2461 1185 2493 hastile
1197 2462 1285 2501 quod
1300 2462 1438 2490 intentat
1450 2469 1484 2488 ac
1501 2458 1654 2495 minatur,
1672 2458 1777 2486 videa-

939 2507 993 2533 tur
1016 2509 1163 2543 tremere,
1187 2505 1334 2544 adeoque
1351 2503 1485 2539 curvari,
1513 2505 1538 2530 ἀ
1557 2509 1636 2529 mox
1652 2501 1775 2539 jactan-

939 2545 1030 2577 dum.

986 2591 1058 2620 128.
1080 2589 1376 2628 DIeditaturpraelia
1391 2587 1492 2626 lusori]
1517 2586 1591 2616 Sive
1610 2587 1698 2626 quod
1721 2587 1775 2618 ob-

935 2633 1066 2672 liquum
1079 2641 1179 2673 caput
1191 2635 1327 2664 alterum
1340 2633 1513 2662 dumtaxat
1523 2631 1655 2660 oculum
1668 2636 1774 2660 osten-

934 2677 1047 2706 debat:
1073 2678 1139 2707 sive
1153 2678 1242 2717 quod
1260 2676 1380 2715 effigies
1404 2674 1574 2704 exhiberet
1596 2674 1702 2703 virum
1729 2674 1774 2703 al-

934 2726 1001 2750 tero
1032 2721 1140 2750 clauso
1170 2721 1266 2750 oculo
1293 2718 1407 2748 certius
1437 2718 1540 2748 ictum
1570 2716 1772 2755 dirigentem.

934 2762 1017 2793 Vide
1030 2763 1112 2793 Pers.
1126 2764 1193 2792 Sat.
1211 2767 1238 2792 1.
1254 2772 1283 2791 v.
1301 2762 1354 2792 66.

980 2807 1049 2836 129.
1073 2806 1124 2834 Sic
1139 2806 1223 2835 Pedo
1237 2805 1410 2842 conturbat,
1428 2801 1495 2842 isc]
1511 2802 1677 2835 Quoniam
1693 2802 1773 2831 divi-

933 2849 1018 2879 tibus
1031 2849 1196 2879 causidicis
1212 2849 1357 2887 quamvis
1374 2847 1526 2878 inferioris
1537 2846 1641 2875 meriti
1653 2853 1771 2874 merces

933 2892 1070 2930 amplior
1092 2891 1262 2921 tribuitur:
1288 2891 1363 2921 hinc
1380 2890 1542 2920 tenuiores
1562 2888 1717 2917 simulant
1738 2896 1772 2916 se

933 2935 1116 2973 opulentos.
1164 2934 1241 2967 Quo
1254 2934 1289 2964 fit
1305 2939 1342 2964 ut
1358 2943 1419 2963 aere
1434 2943 1467 2962 se
1482 2932 1588 2962 alieno
1605 2932 1755 2960 obruant.

976 2977 1077 3016 Pedo]
1104 2977 1296 3007 Causidicus
1311 2977 1480 3016 quispiam.

980 3019 1165 3061 Conturbat]
1195 3020 1341 3050 Verbum
1364 3020 1385 3050 J
1390 3020 1463 3056 uris,
1487 3016 1518 3046 id
1535 3021 1592 3052 est,
1607 3015 1773 3054 decoquit,

935 3063 1104 3102 dilapidat:
1131 3073 1172 3093 aes
1188 3064 1333 3093 alienum
1347 3069 1439 3092 vetus
1455 3069 1523 3090 non
1537 3059 1644 3096 solvit,
1669 3060 1696 3086 ὅ(
1716 3067 1777 3092 1105⁴

51 3103 191 3135 secundo
216 3103 355 3136 flumine
377 3115 420 3136 ex
435 3105 599 3146 Hetruria‚
620 3117 677 3139 seu
701 3107 804 3146 Veiis,
831 3109 889 3138 ἃς.
935 3116 1014 3137 vum
1041 3107 1222 3138 contrahit:
1247 3106 1383 3137 rationes
1408 3103 1591 3133 debitorum
1621 3102 1777 3139 congerit,

891 3148 976 3190 K2
