1948 3281
606 90 937 136 JUVENALIS
976 84 1187 130 SATlRA
1219 83 1297 127 IV.

129 190 273 245 Ignem
293 185 533 241 Trojanum,
560 184 598 225 Sc
618 185 785 227 Vestam
810 182 905 223 colit
929 180 1035 222 Alba
1054 179 1270 227 minorem,

130 243 300 288 Obstitit
321 242 486 284 intranti
508 241 683 283 miratrix
707 240 821 282 turba
843 251 1069 293 parumper.

134 303 193 344 Ut
209 300 344 351 cessit,
376 299 483 340 facili
510 308 722 353 patuerunt
746 297 906 338 cardine
923 295 1062 335 valvae.

129 357 298 400 Exclusi
321 366 533 410 expectant
556 355 731 396 admissa
751 354 919 394 obsonia
941 361 1084 413 patres..
1110 406 1117 413 ο

131 416 220 456 Itur
239 414 286 455 ad
304 413 517 455 Atridem:
553 423 641 453 tum
666 413 821 461 Picens,
844 408 1015 462 Accipe,
1039 408 1156 457 dixit,

134 471 299 513 Privatis
322 469 471 525 majora
492 469 592 510 focis
611 486 622 520 ;
655 468 820 525 genialis
842 475 980 522 agatur
1071 520 1078 527 ι
1115 520 1122 527 ·

134 529 216 569 Iste
239 527 350 577 dies;
385 541 548 581 propera
570 527 827 567 stomachum
849 524 977 564 laxare
999 535 1164 576 sagmis,

132 587 186 626 Et
209 594 277 625 tua
296 593 492 625 servatum
510 598 706 623 consume
724 583 763 624 in
789 581 934 622 saecula
956 578 1191 619 rhombum.

134 643 228 695 Ipse
249 641 336 695 capi
358 640 500 681 voluit.
560 640 672 697 Quid
694 639 894 693 apertius?
933 638 971 677 Sc
993 646 1127 675 tamen
1151 633 1207 674 illi

1763 87 1814 128 61

1316 183 1398 213 Alba
1411 184 1545 222 quomis
1561 183 1711 215 destrucla
1725 193 1822 219 emto-

1317 227 1363 256 dit
1378 227 1478 265 ignem
1498 227 1671 264 Trojanum,
1694 238 1730 257 oc
1744 230 1823 268 infe-

1317 271 1423 299 riorem
1443 270 1557 298 Vestam
1574 270 1720 304 o'ser1·al‚
1748 276 1822 303 mul,

1320 314 1419 341 titudo
1445 312 1654 349 obatupescem
1678 312 1822 350 aliqwm-

1321 356 1415 384 lulum
1442 355 1611 394 ingressuro
1638 365 1748 383 moram
1774 362 1823 386 at-

1249 406 1301 445 65
1322 398 1404 426 tulit.
1448 399 1491 426 At
1521 398 1572 425 υἰέ
1602 397 1697 426 locum
1729 399 1824 437 dedit,

1311 442 1400 476 sores
1415 444 1525 477 apertae
1540 444 1608 468 sunl
1623 451 1657 468 ro
1671 439 1746 468 utili
1756 452 1826 470 car-

1322 483 1409 512 dine:
1434 484 1593 511 Senatores
1620 491 1675 510 von
1703 484 1827 513 admissi

1322 526 1415 563 dapes
1461 525 1563 553 illusa..—
1604 526 1797 562 opperiuntur
1812 539 1822 554 :

1318 569 1459 605 pergitur
1487 569 1528 596 ad
1555 567 1689 596 Afrirt'em
1746 568 1826 598 Mox

1323 610 1452 640 Picenus
1477 610 1521 638 ait
1535 620 1545 639 .·
1567 619 1648 639 aurfte
1660 621 1723 642 ‹71¹oe
1739 621 1825 645 supe-

1323 658 1391 682 ran!
1408 653 1560 691 rulgarem
1578 662 1725 682 commum
1743 665 1755 688 ,-
1777 664 1824 683 ce-

134 698 361 754 Surgebant
382 698 530 738 cristae.
587 696 703 737 Nihil
727 705 800 744 est,
824 694 932 750 quod
955 692 1109 733 credere
1125 691 1173 731 de
1190 705 1230 730 se
1253 690 1367 736 701e⁶
1384 700 1451 726 etur
1473 695 1522 723 hic
1545 695 1608 724 dies
1624 695 1828 731 Genio:.t”eo-

1325 739 1390 767 tina
1414 736 1593 767 atamachum
1620 739 1735 775 aperire
1758 739 1826 775 pin-

131 787 274 827 guedine,
297 790 387 825 atque
402 786 517 814 comede
533 784 679 813 rhombum
695 792 756 811 oevo
779 785 829 810 tuo
844 784 1033 809 resen-atum.
1079 778 1148 816 Ipse
1163 782 1267 817 sponte
1282 779 1417 809 irrelime
1431 784 1485 811 est,
1533 779 1615 812 Quid
1633 780 1800 811 evidenti&
1810 779 1825 810 .⁰

133 833 182 861 Ac
198 829 388 860 nihilomimis
402 829 428 857 ie
443 828 549 857 cristas
564 826 728 866 arrigebat.
772 824 805 854 N
808 823 862 852 ihil
878 827 921 852 est
938 823 1018 860 quod
1031 826 1160 860 nequeat
1173 822 1346 852 existimare
1359 824 1394 852 de
1409 834 1451 861 se,

138 969 233 998 colles
251 967 391 997 Albanos
417 967 449 997 in
467 967 583 1004 quibus
607 965 676 995 tum
693 969 757 994 erat
770 964 955 1002 Imperator,

139 1011 355 1047 ascenderent,
383 1012 409 1040 ὅς
437 1011 522 1039 lacus
549 1009 605 1047 qui
630 1014 704 1037 sunt
721 1008 774 1040 ibi,
800 1008 956 1043 subjectos

137 1054 227 1091 quasi
251 1053 307 1082 sibi
334 1059 508 1082 cernerent.
553 1051 681 1090 Legunt
706 1050 846 1088 quidam,
871 1061 956 1088 supe-

135 1099 217 1132 rant,
233 1095 265 1124 id
281 1101 338 1132 est,
354 1096 425 1125 cum
439 1096 506 1133 jam
528 1094 738 1124 transivissent
754 1093 797 1121 illi
815 1093 956 1123 Albanos

136 1138 235 1174 lacus,
253 1139 280 1166 δε
303 1146 467 1176 pergerent
489 1138 528 1166 ad
556 1136 774 1167 Domitianum
793 1135 859 1163 tum
878 1135 956 1165 forte

139 1178 322 1219 (utsolebat
344 1180 527 1218 quotannis,
552 1189 592 1208 ex
610 1177 759 1216 Sueten.)
786 1177 829 1205 ibi
852 1177 956 1209 Quin-

138 1223 261 1260 quatria
283 1223 492 1252 celebrantem
511 1223 684 1258 Minervs23
708 1222 760 1250 cui
786 1220 956 1259 collegium

138 1265 311 1295 instituerat
338 1266 554 1300 Sacerdotum,
577 1265 691 1302 quibus
718 1273 752 1301 pr
763 1270 845 1291 cerat
870 1264 957 1293 velut

137 1306 287 1337 Pontifex
302 1309 464 1338 Summus.
507 1307 587 1336 Vide
608 1307 699 1345 supra
726 1316 755 1335 v.
770 1306 820 1335 46.
849 1306 874 1334 Sc
893 1306 956 1335 Sat.

136 1349 171 1378 2.
190 1359 215 1377 v.
231 1350 280 1378 83.

183 1389 359 1431 Quanquam
387 1393 488 1423 diruta
513 1395 612 1422 serr-at
646 1391 744 1431 ignem
783 1390 957 1429 Trojanum]

136 1433 223 1464 Alba
243 1436 371 1473 quidem
394 1438 412 1465 a
437 1436 532 1465 Tullo
558 1435 695 1464 Hostilio
719 1435 819 1463 diruta
843 1433 958 1472 suerat,

139 1482 221 1508 tecta
236 1478 302 1507 solo
314 1479 488 1517 adaequata,
507 1477 637 1515 unaque
653 1477 728 1506 hora
745 1476 956 1515 quadringen-

139 1523 244 1549 torum
261 1529 417 1551 annorum
441 1531 534 1559 opus,
565 1520 706 1558 exceptis
728 1525 837 1549 tamen
860 1519 956 1549 Tem-

139 1562 209 1600 plis,
226 1564 339 1601 perii13
364 1570 442 1594 teste
470 1564 557 1592 Livio
582 1564 637 1593 lib.
670 1562 695 1590 l.
720 1572 788 1600 cap.
813 1562 865 1591 29.
912 1563 957 1592 At

135 1604 212 1640 cnm
230 1605 346 1635 Albani
361 1606 493 1636 fortunat
507 1606 635 1636 subirati
652 1606 748 1643 patria
773 1605 864 1634 Sacra
880 1615 957 1645 neg-

139 1645 307 1684 lexissent,
317 1658 352 1677 ae
364 1649 507 1679 Deorum
521 1649 647 1678 cultum
660 1658 668 1684 ς
695 1648 835 1686 prodigia
850 1650 955 1676 conti-

137 1688 211 1728 gere
239 1691 354 1728 quibus
380 1691 433 1720 illa
463 1692 625 1721 instaurari
651 1691 854 1727 jubebantur.
910 1690 957 1720 Ita

138 1732 223 1761 Alba
249 1742 434 1771 quanquam
461 1734 563 1762 diruta
584 1734 716 1762 servavit
741 1734 847 1770 ignem
863 1732 954 1762 illum

139 1773 371 1812 inextinctum,
401 1786 499 1814 quern
533 1785 607 1805 cum
646 1774 771 1812 reliquis
809 1775 957 1804 omnibus

139 1815 256 1846 Tullus
278 1819 409 1847 nomam
437 1819 655 1847 transtulerat:
694 1816 820 1855 (Livius
845 1816 899 1845 lib.
932 1819 958 1846 1.

140 1868 210 1896 cap.
223 1859 291 1898 251.)
304 1861 397 1889 antea
407 1866 514 1890 tamen
528 1861 596 1896 jam
611 1860 627 1888 a
640 1860 748 1889 Numa
762 1865 958 1896 usurpatum.

139 1901 298 1932 Plutarch.
324 1903 455 1942 Dionys.
483 1902 584 1932 Halic.
608 1903 661 1931 lib.
688 1902 718 1929 2.
742 1900 826 1931 Gell.
853 1900 907 1930 lib.
931 1904 958 1931 1.

140 1953 210 1982 cap.
229 1946 276 1974 12.
423 1966 428 1968 -

184 1986 235 2016 61.
263 1986 424 2025 Trojonum
446 1985 564 2027 ignem]
601 1988 700 2024 Cujus
728 1987 872 2024 perpetui
899 1997 959 2016 ser-

141 2030 235 2059 vandi
250 2031 283 2059 in
299 2031 436 2068 Templo
450 2030 568 2067 Vestae,
592 2029 678 2068 quod
693 2029 787 2059 fatale
799 2033 879 2058 esset
893 2030 960 2069 pig-

141 2081 202 2101 nus
233 2072 370 2110 Imperii,
403 2082 470 2101 mos
498 2073 642 2102 invectus
665 2073 702 2102 ab
729 2071 828 2102 AEnea
852 2071 960 2109 Troja-

141 2115 256 2151 nisque
270 2126 276 2143 ε
305 2114 333 2142 &
351 2115 426 2143 hinc
440 2115 457 2142 a
472 2114 624 2144 Romanis
637 2120 830 2153 assumptus.
875 2115 960 2144 Vide

139 2156 237 2187 Alex.
252 2157 290 2186 ab
306 2157 399 2186 Alex.
427 2156 482 2185 lib.
498 2157 528 2185 5.
543 2167 612 2195 cap.
629 2159 679 2187 12.

189 2198 307 2230 Vestam
327 2196 483 2238 minorem]
522 2199 604 2229 Nam
621 2201 719 2236 major
734 2210 782 2238 ea,
805 2210 876 2239 quae
900 2199 961 2230 Ro-

141 2251 201 2271 mae
228 2243 396 2281 religiosius
423 2241 598 2278 colebatur,
635 2242 837 2281 habebatque
864 2243 961 2272 Tem-

141 2285 232 2321 plum
259 2285 417 2322 pulchrius
441 2284 458 2312 a
488 2282 598 2314 Numa
623 2284 822 2315 aedificatum.
878 2285 962 2315 Vide

141 2327 234 2365 supra
249 2327 287 2355 ad
306 2337 333 2356 v.
352 2329 399 2356 10.

183 2367 282 2409 Alba]
303 2369 384 2399 Alba
400 2370 491 2408 longa
510 2369 659 2399 nimirum
683 2370 721 2399 ab
736 2369 873 2399 Ascanio
886 2379 960 2400 con-

140 2411 218 2450 dita,
251 2412 366 2442 distans
391 2412 492 2441 Roma
514 2412 697 2450 quindecim
721 2412 784 2441 fere
821 2413 961 2443 millibus

141 2463 305 2493 passuum.
353 2453 405 2484 Ex
419 2455 579 2484 ruderibus
605 2456 690 2484 illius
716 2455 782 2484 haec
797 2455 960 2494 quondam

142 2503 291 2534 creverat,
316 2499 343 2528 δι
370 2507 458 2527 nunc
475 2498 570 2526 etiam
588 2498 765 2534 Albanum,
789 2498 860 2527 urbs
876 2498 958 2534 adja-

143 2548 229 2573 cens,
250 2540 358 2579 vulgo,
373 2539 502 2575 Albano,
520 2540 728 2577 Episcopatus
741 2540 833 2570 tribui
848 2541 960 2570 solitus

143 2581 239 2610 alicui
253 2581 269 2609 ὲ
285 2592 342 2613 sex
358 2581 576 2612 Cardmalibus
588 2583 832 2620 antiquioribus,

186 2623 237 2652 62.
263 2622 376 2665 Turba]
399 2626 464 2654 Seu
478 2625 603 2663 populi,
619 2634 676 2654 seu
693 2625 891 2655 Albanorum
909 2626 964 2655 Sa·

145 2666 310 2697 cerdotum
325 2668 501 2707 cupiditate
523 2667 649 2697 videndi
673 2668 755 2697 tanti
768 2668 860 2706 piscis
875 2668 965 2698 afflu-

145 2715 280 2738 entium.

189 2751 239 2780 64.
262 2751 392 2781 Exclusi
405 2750 582 2793 expectant]
618 2752 685 2782 Alii
701 2753 821 2783 codices
836 2754 966 2789 habent,

143 2798 296 2831 spectant,
324 2794 355 2823 id
382 2798 440 2832 est,
468 2806 544 2826 cum
584 2796 792 2825 admiratione
825 2803 966 2826 contern-

145 2837 282 2875 plantur.

187 2878 319 2908 Exclusi
347 2885 507 2917 expectant
533 2881 666 2910 admissa
691 2880 811 2910 obsonia
838 2879 964 2921 Patres]

1043 962 1094 991 65.
1116 958 1272 1000 Ati-idem]
1312 959 1551 998 Domitianum,
1590 962 1645 1001 qui
1672 962 1826 993 Romanis

1000 1005 1185 1043 imperabat,
1220 1007 1305 1035 sicut
1333 1005 1452 1034 Graecis
1481 1005 1704 1043 Agamemnon
1735 1006 1827 1036 Atrei

1000 1047 1107 1077 Filius.
1154 1049 1245 1078 Adde
1259 1047 1346 1087 quod
1366 1048 1451 1076 Atrei
1466 1047 1715 1085 Atridarumque
1734 1057 1825 1077 men-

1000 1091 1044 1119 tio
1058 1090 1233 1121 Domitiani
1246 1091 1463 1120 crudelitatem
1478 1090 1611 1119 exhibet
1626 1100 1661 1118 ac
1677 1092 1826 1126 perstrin-

1000 1133 1054 1170 git.
1099 1134 1183 1164 Vide
1197 1136 1322 1164 Senecae
1339 1132 1469 1171 Thyest.
1490 1133 1518 1161 δε
1534 1133 1725 1172 Agamemn.
1745 1133 1823 1164 item

1005 1176 1160 1214 Euripidis
1178 1177 1336 1213 Orestem,
1360 1175 1418 1205 &e

1041 1217 1168 1260 Picens]
1204 1219 1338 1248 Piscator
1363 1217 1515 1247 oriundus
1540 1216 1557 1246 ὲ
1583 1214 1699 1246 Piceno
1727 1217 1823 1248 Italiae

1000 1262 1140 1299 regione,
1164 1263 1258 1291 hodie
1271 1260 1415 1290 sslarcltia
1434 1259 1640 1297 Auem-titana,
1670 1260 1706 1288 ad
1720 1260 1822 1291 finum

999 1302 1210 1334 Adriaticum.

1042 1347 1178 1376 Primtz's
1192 1345 1413 1386 majorafocis]
1436 1344 1641 1382 Adulatorie3
1666 1346 1731 1375 una
1757 1344 1824 1376 Im·

1000 1391 1145 1426 peratoris
1162 1391 1269 1419 mensa
1283 1390 1419 1428 dignum
1434 1388 1601 1417 ferculum.

1044 1433 1095 1461 66.
1122 1430 1273 1472 Genialis]
1296 1432 1376 1460 Vide
1390 1431 1470 1460 Pers.
1485 1431 1548 1459 Sat.
1565 1432 1595 1459 2.
1608 1440 1637 1459 v.
1650 1431 1682 1459 3.

1043 1476 1096 1505 69.
1116 1476 1184 1514 Ipse
1199 1476 1266 1514 capi
1281 1472 1390 1514 voluit]
1406 1473 1506 1506 Quasi
1521 1473 1620 1502 sciens
1635 1474 1663 1503 ἀ
1677 1473 1820 1512 gaudens

1000 1527 1033 1546 se
1061 1519 1098 1548 ad
1122 1524 1153 1548 te
1177 1518 1395 1553 deferendum,
1418 1521 1515 1555 atque
1539 1515 1743 1553 Imperatorio
1759 1523 1822 1547 sto-

1001 1562 1116 1591 macho
1130 1561 1344 1595 inferendum,
1368 1570 1402 1590 ac
1419 1558 1650 1597 sepeliendum.

1044 1604 1125 1637 Quid
1139 1601 1288 1644 apertius]
1311 1604 1435 1633 Meram
1457 1602 1540 1631 hanc
1555 1610 1621 1630 esse
1635 1603 1821 1632 assentatio-

1000 1656 1090 1683 nem,
1114 1648 1185 1685 quis
1201 1657 1266 1676 non
1283 1644 1420 1676 sentiat?

1040 1690 1094 1719 Illi
1118 1690 1282 1729 surgebant
1309 1686 1426 1727 cris‘oe]
1469 1687 1520 1717 Ex
1550 1687 1734 1725 Proverbio‚
1763 1696 1822 1718 seu

999 1732 1088 1769 pisci,
1111 1742 1167 1762 seu
1195 1732 1297 1770 potius
1318 1731 1504 1769 Imperatori
1532 1740 1592 1769 prae
1616 1739 1696 1760 vana
1715 1730 1822 1759 alacri-

1000 1779 1064 1804 tate
1086 1784 1121 1804 ac
1143 1775 1300 1812 superbia.
1343 1773 1373 1803 ls
1402 1773 1489 1803 enirn
1517 1774 1633 1802 mirum
1662 1779 1822 1811 quantum

1000 1817 1234 1846 adulationibus
1250 1816 1419 1856 gaudebat,
1442 1823 1539 1853 atque
1557 1815 1616 1845 illis
1632 1816 1824 1845 intumesce-

1001 1858 1061 1889 bat.
1111 1860 1267 1889 caeteram
1297 1858 1450 1896 quicquid
1480 1858 1534 1886 alii
1559 1858 1714 1894 sentiunt,
1743 1858 1826 1887 mihi

1003 1902 1151 1940 probatur
1166 1902 1264 1940 magis
1278 1901 1338 1929 alia
1349 1901 1484 1929 aliorum
1501 1900 1608 1929 locum
1621 1901 1710 1928 hunc
1727 1899 1825 1929 inter-

1002 1944 1146 1982 pretandi
1161 1944 1252 1980 ratio,
1275 1944 1337 1972 hoc
1361 1943 1459 1971 verior
1482 1951 1517 1970 ac
1532 1942 1644 1971 melior
1659 1951 1724 1979 quo
1747 1941 1824 1971 sim-

1001 1987 1121 2024 plicior.
1154 1986 1237 2025 Ergo
1251 1995 1317 2015 non
1330 1985 1392 2014 sint
1404 1986 1470 2013 haec
1482 1984 1585 2013 Po'e'tae
1602 1984 1694 2013 verba
1708 1995 1714 2012 z
1744 1983 1828 2017 Quid

1000 2028 1160 2067 apertius?
1207 2028 1269 2057 Sed
1298 2028 1455 2065 piscatoris
1483 2026 1672 2056 Domitiano
1708 2026 1828 2056 adulari

1004 2073 1160 2111 pergentis
1185 2073 1248 2100 hoc
1279 2071 1392 2099 modo:
1431 2069 1507 2108 quid
1536 2069 1686 2107 apertius,
1725 2069 1825 2107 quam

1004 2115 1124 2152 piscem
1149 2115 1221 2152 capi
1246 2113 1395 2149 voluisse,
1416 2118 1453 2142 ut
1475 2112 1514 2141 ad
1529 2111 1754 2149 Imperatorem
1770 2111 1826 2140 de-

1003 2156 1154 2186 ferretur?
1177 2163 1213 2186 ut
1228 2166 1306 2186 mox
1321 2155 1398 2184 sulze
1414 2153 1509 2184 Poeta
1521 2155 1710 2193 subjungat:
1738 2154 1766 2181 ὃ(
1779 2158 1824 2183 ta-

1005 2209 1080 2229 men
1097 2200 1142 2229 illi
1158 2200 1292 2229 rhombo
1307 2198 1475 2237 surgebant
1492 2197 1588 2226 cristae
1606 2197 1768 2234 spinaeque
1788 2197 1824 2225 in

1003 2242 1105 2279 dorso,
1118 2244 1256 2280 satisque
1268 2240 1452 2271 ostendebat
1463 2239 1723 2278 indignationem,
1735 2238 1824 2276 quod

1004 2291 1115 2323 captus
1130 2291 1219 2314 esset.
1264 2284 1383 2313 Verum
1399 2283 1602 2313 Domitianus
1627 2281 1711 2319 turpi
1736 2280 1822 2309 nihi·

1004 2327 1143 2357 lominus
1153 2327 1335 2357 adulatione
1346 2325 1486 2365 gaudens
1500 2323 1587 2353 facile
1603 2323 1747 2353 credebat
1762 2324 1823 2361 pis·

1004 2379 1075 2400 cem
1103 2371 1173 2408 capi
1197 2370 1344 2406 voluisse,
1367 2367 1576 2406 Imperatoriae
1592 2367 1671 2406 gulae
1689 2367 1718 2394 Sc
1733 2366 1824 2395 vani-

1003 2414 1059 2442 tati
1074 2413 1318 2451 obsequentem.

1045 2457 1093 2486 70.
1128 2455 1218 2485 Nihil
1244 2459 1288 2485 est
1313 2453 1392 2492 quod
1415 2453 1544 2489 credere,
1567 2449 1632 2492 ᾁσ]
1667 2451 1824 2491 Suprema

1001 2499 1188 2528 auctoritate
1213 2498 1325 2527 divinae
1353 2496 1449 2525 simili
1463 2495 1621 2532 Principes
1646 2493 1748 2523 inflati
1769 2494 1824 2523 ob-

1001 2542 1178 2579 coecatique
1202 2540 1280 2570 nihil
1296 2549 1362 2569 non
1377 2539 1416 2566 de
1432 2547 1464 2566 se
1485 2537 1608 2566 credere
1624 2536 1723 2576 parati
1738 2542 1825 2574 sunt,

1006 2584 1174 2622 praesertim
1204 2583 1229 2612 si
1255 2582 1430 2611 adulatores
1456 2579 1618 2616 adjuvent.
1662 2579 1714 2609 Sic
1738 2579 1825 2618 apud

1007 2629 1095 2656 Suet.
1107 2636 1175 2665 cap.
1191 2626 1243 2655 22.
1258 2624 1355 2662 Calig.
1377 2622 1410 2651 Is
1426 2622 1554 2651 divinum
1567 2621 1623 2651 sibi
1636 2622 1827 2661 majestatem

1006 2670 1114 2698 asserit
1124 2680 1137 2703 ;
1160 2668 1242 2697 modo
1255 2666 1378 2704 Jupiter
1391 2664 1525 2694 Latialis
1542 2664 1697 2694 salutatur
1706 2675 1720 2699 ,·
1741 2663 1828 2692 modo

1009 2712 1162 2741 Castorem
1177 2712 1256 2739 inter
1270 2711 1292 2746 ἐς
1306 2708 1458 2737 Pollucem
1470 2708 1633 2737 consistens
1642 2708 1828 2736 adorandum

1007 2764 1037 2783 se
1048 2755 1159 2793 praebet
1171 2764 1184 2787 ,·
1205 2752 1288 2781 modo
1310 2751 1395 2780 Joz-z's
1409 2750 1542 2789 Olympii
1564 2750 1746 2788 aliorumque
1760 2749 1828 2777 Nu-

1006 2798 1116 2826 minum
1142 2794 1311 2824 simulacris
1336 2794 1452 2831 dempto
1476 2792 1587 2831 capite,
1609 2802 1693 2821 suum
1716 2791 1830 2828 imponi

1007 2841 1142 2868 mandat.
1188 2839 1241 2867 Sic
1256 2836 1376 2866 Domit.
1392 2846 1449 2874 cap
1476 2838 1524 2865 1³3.
1540 2836 1592 2865 ille
1605 2835 1724 2864 dictans
1737 2834 1829 2871 Epis-

1008 2882 1118 2919 tolarn‚
1143 2882 1185 2910 ita
1206 2879 1320 2917 incipit
1333 2891 1339 2908 z
1365 2878 1512 2908 Domimis
1527 2888 1562 2907 ac
1575 2878 1658 2907 Deae
1674 2879 1772 2905 noster
1785 2875 1832 2904 sie

147 2921 330 2952 Patentibus
346 2924 443 2952 valvis
456 2924 626 2953 introducti
642 2925 698 2962 qui
715 2932 848 2952 munera
864 2930 964 2960 porta-
998 2923 1072 2958 fieri
1087 2924 1200 2962 jubet:
1225 2923 1310 2952 unde
1339 2932 1406 2952 non
1432 2922 1493 2950 alio
1523 2921 1671 2957 deinceps
1697 2919 1831 2947 nomine

145 2963 236 3001 bant,
260 2965 396 2994 exclusis
420 2966 517 2995 etiam
532 2967 736 2996 Senatoribus
753 2968 809 3005 qui
826 2966 964 2996 Domiti-

145 3015 245 3036 anum
270 3008 410 3037 comitati
434 3007 572 3047 fuerant,
594 3011 718 3047 quique
744 3008 871 3042 interim
893 3008 968 3040 foris

146 3054 241 3088 stant,
265 3051 294 3080 δε
309 3056 479 3091 expectant
493 3052 572 3090 quid
587 3052 662 3085 inde
670 3051 734 3085 fiat.

1007 2967 1160 3004 appellari
1185 2966 1380 2995 institutum.
1426 2964 1513 2993 Hinc
1542 2964 1575 2991 in
1606 2961 1833 3003 Domitianum

1010 3009 1087 3040 salse
1101 3009 1252 3038 Martialis
1266 3009 1320 3038 lib.
1339 3009 1368 3036 5.
1385 3007 1543 3045 Epigram.
1559 3006 1586 3034 8.

1097 3050 1238 3081 Edictum
1250 3050 1374 3081 Domini
1386 3049 1504 3086 Deique
1519 3047 1623 3078 nostri.
