1948 3281
110 79 186 119 185

611 74 945 118 JUVENALIS
977 74 1193 118 SATIRA
1222 77 1280 118 X.

100 170 170 197 dum
197 166 279 215 12·ng
307 166 459 217 Bithynia
481 155 763 206 ‘placeatDonec
785 165 967 220 Bithyno
989 164 1109 206 libeat
1130 164 1291 221 vigilare
1311 166 1518 221 Tyranno·

101 220 282 249 ‘'pergm‘·
324 210 441 240 Ammae
467 220 531 249 9²⁴ae
557 209 605 238 '¹⁰'
619 222 760 262 Finem
782 221 947 272 animae,
970 236 1063 276 quae
1084 236 1144 262 res
1165 223 1365 264 humanas
1387 223 1550 267 miscuit
1571 224 1688 275 olim,

99 254 211 282 minum
236 254 359 294 negotia
380 254 526 292 quondam
544 257 607 282 lur-
645 280 660 297 Τ

102 296 197 332 bat-it,
220 297 333 326 exitum
349 306 408 326 non
431 280 655 335 proebpbunth

101 380 157 415 la,-
191 383 244 411 scd
275 381 332 410 iste
361 383 490 410 annulus
526 382 810 432 unAnnUlUS

101 424 288 462 Cannarum,
300 426 322 462 ἐξ
335 427 396 453 tam
408 424 524 462 copiosi
537 433 602 451 cru·
816 422 825 432 ⁸

663 293 717 318 on
737 278 875 333 gladii,
907 293 991 319 non
1014 291 1108 319 saxa
1129 278 1299 329 dabunt,
1329 294 1415 320 non
1435 281 1527 332 tela,
1561 283 1627 323 sed
1651 282 1717 323 ille

101 347 195 375 enses,
217 348 276 368 non
291 339 416 378 lapides,
440 349 496 367 που
510 339 604 376 jasu-
617 334 853 375 Cannarum
876 334 1037 386 vindex,
1069 350 1115 376 ac
1139 335 1239 376 tanti
1261 336 1469 391 sanguinis
1491 338 1598 379 ultor

887 392 924 442 1,
956 392 1139 442 demens,
1175 393 1214 433 &
1235 406 1360 433 saevas
1381 407 1492 434 curre
1513 409 1580 450 per
1600 396 1744 452 AlpeS,

1725 340 1798 382 165

99 466 159 495 oris
194 467 314 496 vindex.
363 465 455 503 Vade,
487 466 601 501 insane,
619 448 677 488 Ut
697 448 828 502 pueris
851 449 1023 503 placeas,
1056 450 1096 491 δι
1114 448 1354 490 declamatio
1376 450 1461 490 fias.

99 519 138 538 σε
151 518 247 556 perge
263 510 354 537 duras
372 518 428 546 per
441 507 545 554 Alpes,
569 510 602 554 3⁶5
619 505 738 546 Unus
762 489 909 561 Pfillaeo
923 505 1067 560 juveni
1089 521 1174 547 non
1196 506 1343 547 suffieit
1365 506 1472 547 orbis
1491 522 1501 548 :

99 552 235 580 ‘'rr‘dm
267 550 514 587 “d⁰²‘³⁸⁶e'²‘²b¹‘⁸’
548 559 601 578 δ’δ’
615 561 780 602 AEstuat
801 561 940 603 infelix
964 572 1137 619 angusto
1159 563 1287 604 limite
1309 563 1470 614 mundi,

100 603 157 632 que
167 594 354 623 declamandi
363 597 601 631 argumentum.

99 636 239 665 Mundus
258 645 334 664 anus
355 635 437 663 haud
459 634 536 663 satis
557 638 602 663 est
616 619 675 659 Ut
698 619 844 674 Gyarae
867 619 1026 661 clausus
1049 620 1243 675 scopuliS,
1269 623 1467 675 parvaque
1489 621 1673 677 Seripho.
1723 625 1801 671 170

101 677 414 707 adole-wenfiPelsoeo·
451 676 600 715 Efferves-
617 675 730 716 Ci⁸1m
754 684 889 718 tamen
911 678 938 718 a
958 676 1092 733 figulis
1115 676 1318 718 munitam
1341 678 1543 719 intraverit
1567 679 1722 731 urbem,

100 721 141 750 cit
159 722 244 750 miser
267 723 351 749 arcto
375 719 452 749 orbis
467 719 602 757 termino,

98 764 189 800 quasi
215 763 322 800 Gyaroe
360 763 482 801 rupibus
511 765 603 800 atque

615 733 874 790 Sarcophago
896 744 1114 776 contentus
1135 734 1222 776 erit.

99 805 232 845 angusta
259 803 381 844 Seripho
410 790 823 846 cmpressus.Qi1antula
839 791 918 832 sint
941 792 1160 833 hominum
1178 792 1431 845 corpuscula.

1283 735 1447 776 MORS
1471 736 1554 775 sola
1574 736 1720 778 fatetur

1496 792 1685 834 Creditur
1700 793 1799 836 olim

97 847 535 897 4t{a”22⁷293112⁷²d0‚²'⁷²g⁷⁶⁸⁵²⁴⁸
545 848 602 876 erit
614 847 850 888 velificatus
871 849 1025 900 Athos,
1051 850 1091 890 δε
1111 848 1307 904 quicquid
1332 848 1493 890 Graecia
1512 850 1687 891 mendax

97 889 398 930 czvztazemafigulzs
412 893 600 928 znstructam,
614 904 750 944 Audet
766 905 808 945 in
825 905 1010 957 historia3
1030 907 1127 947 ci‘xm
1146 916 1313 946 stratum
1332 905 1526 946 classibus
1540 905 1701 958 iisdem,
1722 909 1796 954 175

97 934 241 962 tumulum
254 934 329 961 satis
344 932 472 962 habebit.
513 933 602 962 Mors

98 974 216 1004 tantam
246 975 383 1004 declarat
411 976 500 1013 qnam
530 961 963 1017 viiiaSuppositumque
981 962 1077 1003 rotis
1101 962 1278 1003 solidum
1301 977 1425 1004 mare.
1459 962 1676 1004 Credimus
1697 964 1799 1006 altos
1849 983 1856 987 ·

96 1018 157 1047 sint
173 1017 344 1047 mortalium
360 1027 493 1057 corpora.
538 1018 609 1046 Non
625 1017 784 1047 dubitatur
799 1018 895 1048 Athos
904 1020 1022 1058 pridem
1038 1021 1213 1061 navigatus,
1229 1022 1251 1058 ᾀ-
1267 1021 1470 1059 quodcumque
1484 1021 1514 1049 in
1529 1022 1799 1062 monimenlispro-

88 1061 161 1098 fert
179 1060 424 1099 Groecz'asutilis,
448 1061 566 1099 quando
580 1061 653 1100 ipsis
667 1062 811 1091 classibus
826 1067 960 1101 opertum
976 1073 1071 1102 mare,
1094 1064 1117 1101 ὃ]
1130 1063 1257 1093 solidum
1273 1064 1346 1093 rotis
1359 1064 1526 1101 suffectum
1541 1070 1600 1094 cst.

881 1154 1014 1165 ⁴——

97 1211 305 1243 bernaculum
323 1212 476 1251 Praetoris,
497 1218 595 1253 atque
611 1214 684 1245 inde
701 1216 924 1256 cujuscunque

97 1255 198 1284 Ducis
213 1262 269 1285 aut
281 1256 382 1295 Regis.

142 1298 212 1327 162.
235 1297 383 1338 Bithyno]
405 1298 546 1329 Prusiam
572 1300 719 1340 intelligit
744 1312 848 1343 regem
872 1305 924 1334 Bi-

96 1340 227 1379 thynice,
244 1351 315 1380 quae
333 1342 417 1381 regio
432 1350 479 1372 est
495 1344 574 1372 Asiae
591 1344 720 1373 minoris
736 1344 838 1376 Ponto
854 1347 923 1377 fini-

95 1383 186 1421 tima,
204 1384 233 1413 δι
248 1384 383 1414 Euxino
396 1386 483 1415 mari.

142 1426 211 1456 163.
235 1426 346 1457 Finem
368 1429 487 1465 animae,
511 1428 577 1466 130]
606 1428 712 1459 Tanto
741 1431 812 1460 vero
839 1431 926 1462 Duci

94 1468 156 1499 hoc
171 1479 233 1499 sors
248 1479 313 1500 non
327 1469 426 1507 dabit,
452 1475 487 1500 ut
502 1471 637 1500 honesta
661 1478 764 1502 morte
792 1474 823 1503 in
840 1475 924 1504 bello

95 1511 298 1552 defungatur.
343 1511 428 1543 Vide
444 1522 514 1552 qua:
533 1514 714 1544 notavimus
741 1515 806 1546 Sat.
834 1516 863 1546 6.
886 1519 924 1547 ad

97 1564 160 1585 ver.
179 1556 250 1585 169.

141 1598 211 1627 165.
238 1597 409 1628 Cannarum
438 1597 563 1637 vindex]
597 1598 691 1629 Ultor
717 1600 810 1630 cladis
836 1604 923 1641 apud

95 1638 220 1669 Cannas
238 1640 367 1678 Apuliae
395 1641 550 1679 oppidum
579 1641 727 1671 Romanis
754 1644 860 1682 illatae,
886 1656 922 1675 ac

94 1687 143 1711 tot
168 1683 363 1713 annulorum
391 1684 539 1713 Romanis
568 1683 741 1722 Equitibus
767 1686 923 1717 detracto·

95 1734 178 1754 rum.
223 1726 307 1755 Vide
322 1728 443 1756 Annot.
472 1726 536 1757 Sat.
555 1727 588 1756 2.
615 1736 675 1756 ver.
699 1729 771 1758 155.
801 1730 839 1759 ad
868 1741 923 1760 vo-

93 1776 176 1805 cem,
194 1768 320 1798 Cannis.

139 1810 211 1840 166.
234 1811 390 1849 Anmdus]
416 1812 482 1841 Sub
498 1812 610 1842 annuli
625 1822 751 1852 gemma
766 1823 921 1846 venenum

92 1861 218 1890 semper
233 1854 344 1884 habuit
359 1861 568 1893 praeparatum
583 1855 738 1894 Annibal,
754 1866 820 1896 quo
835 1867 867 1886 se
882 1860 920 1888 ab

93 1895 233 1926 hostium
250 1897 432 1935 captivitate
447 1898 474 1926 &
491 1897 615 1927 ultione
629 1899 811 1929 vindicaret.
846 1900 919 1931 Vct.

91 1937 199 1968 Schol.
246 1939 330 1968 Vide
345 1939 409 1969 Tit.
434 1937 502 1968 Liv.
528 1940 580 1969 lib.
595 1940 646 1970 39.
670 1951 740 1981 cap.
758 1944 809 1972 51.
834 1942 917 1973 Plut.

89 1980 123 2009 in
138 1982 200 2010 vita
217 1982 395 2019 Annibalis,
414 1983 471 2011 ἃς.

130 2023 162 2061 Ι,
178 2024 309 2062 demens]
334 2024 514 2054 Sarcasmus
529 2025 562 2054 in
580 2025 786 2065 Annibalem,
804 2028 832 2056 δέ
851 2037 916 2058 am-

88 2064 216 2096 bitiosos
232 2067 337 2105 gloriae
355 2067 507 2096 militaris.

133 2109 203 2139 167.
230 2107 511 2148 Declamaliofias]
548 2109 639 2139 Utin
665 2110 780 2140 scholis
798 2111 917 2142 Rheto-

88 2159 173 2188 rum,
198 2152 303 2190 pueris
318 2151 482 2180 materiam
499 2152 737 2182 declamationis
765 2155 916 2192 praebeas.

85 2191 168 2223 Vide
185 2195 250 2224 Sat·
264 2195 292 2223 7.
308 2203 371 2223 ver.
387 2194 459 2223 161.

131 2236 202 2267 168.
232 2235 315 2266 Unus
339 2236 449 2265 Peliaeo
469 2236 590 2274 juveni,
616 2236 680 2275 [50⁸]
718 2237 809 2270 Quot
833 2241 915 2271 mala

85 2279 187 2316 pariat
201 2279 306 2319 gloriae
319 2278 450 2318 cupido,
473 2279 592 2308 Xerxis
609 2281 637 2309 ἃ
656 2280 832 2310 Alexandri
846 2293 915 2321 pro-

84 2321 139 2350 bat
165 2322 332 2360 exemplis.
377 2322 460 2351 Vide
488 2322 647 2353 Plutarch.
678 2323 713 2353 in
740 2324 915 2356 Alexandri

82 2361 195 2403 Magni
213 2366 240 2394 δι
257 2364 414 2394 Themist.
431 2365 505 2393 vita.
551 2364 659 2394 Valer.
689 2366 781 2395 Max.
809 2367 863 2397 lib.
881 2369 912 2398 8.

81 2415 149 2443 cap.
169 2408 219 2436 14.
264 2407 436 2436 Alexandri
470 2407 584 2447 Magni
606 2411 715 2445 pectus
741 2409 915 2440 insatiabile

81 2446 192 2486 laudis,
227 2450 344 2488 inquit,
376 2451 428 2487 qui
454 2449 637 2479 Anaxarcho
666 2450 769 2479 comiti
796 2461 848 2481 suo
877 2463 914 2482 ex

80 2492 263 2521 auctoritate
277 2492 447 2521 Democriti
465 2492 660 2531 praeceptoris
682 2492 913 2525 innumerabiles

79 2531 216 2562 Mundus
232 2544 292 2563 esse
308 2534 466 2572 referenti,
480 2535 535 2564 heu
550 2544 606 2570 me,
630 2535 742 2574 inqnzt,
765 2536 913 2575 miserum,

79 2576 160 2612 quod
175 2585 210 2604 ηε
226 2586 282 2604 21710
296 2578 413 2615 quidem
429 2577 528 2606 adhuc
537 2578 655 2617 potitus
669 2587 731 2606 sum
743 2577 757 2606 !
788 2579 912 2619 Angus-

78 2619 113 2646 ta
129 2616 238 2646 homini
250 2619 355 2657 glorioe
377 2620 524 2659 possessio
537 2621 610 2658 flat
623 2630 688 2660 quoe
703 2620 834 2650 Deorum
851 2632 911 2651 om-

77 2660 161 2689 nium
177 2660 326 2689 domic-ilio
342 2662 463 2699 sufficit.

118 2702 233 2732 Pelloeo
249 2703 372 2742 juveni]
405 2705 592 2736 Alexandro
608 2705 694 2736 Pena
711 2706 787 2736 urbe
800 2706 910 2738 Mace·

75 2745 177 2775 doniae
196 2745 341 2775 oriundo.

121 2789 190 2819 169.
213 2786 357 2825 AEstuat]
381 2788 431 2817 Sic
458 2789 533 2819 orbe
559 2796 627 2821 toto
651 2800 685 2820 se
709 2796 907 2823 coarctatum

72 2835 178 2868 putat,
204 2836 241 2859 ut
256 2830 281 2859 si
300 2829 417 2868 Gyara,
439 2832 490 2860 vel
506 2831 638 2871 Seripho
664 2835 766 2872 parvis
792 2834 904 2864 insulis

72 2872 289 2902 clauderetur.
336 2872 383 2902 lta
399 2881 484 2902 mare
507 2874 540 2903 in
555 2881 693 2915 angusto
709 2881 842 2907 aestuare
857 2877 904 2907 di-

72 2923 185 2944 cimus.

115 2958 185 2986 170.
212 2955 338 2998 Gyaroe]
362 2957 426 2987 Sat.
452 2959 478 2987 1.
496 2967 561 2988 ver.
575 2960 627 2989 73.

110 2998 250 3038 Seripho]
276 3001 339 3030 Sat.
360 3000 388 3030 6.
416 3010 480 3030 ver.
498 3001 571 3031 563.

110 3042 182 3071 171.
216 3042 336 3082 Figulis
350 3043 496 3074 munitam
513 3043 674 3075 intraverit
690 3045 805 3086 urbem]
841 3047 900 3078 Ea·

966 1217 1145 1257 byloniam,
1167 1219 1184 1248 a
1198 1218 1406 1250 Semiramide
1422 1219 1597 1256 conditam,
1626 1218 1654 1247 Sc
1669 1227 1761 1248 muro
1778 1218 1796 1248 e

968 1261 1066 1292 coctis
1082 1261 1230 1291 lateribus
1255 1262 1338 1292 facto
1365 1261 1606 1298 circumdatam,
1630 1265 1709 1290 teste
1720 1261 1797 1290 Jus-

969 1304 1049 1341 tino,
1073 1304 1126 1334 lib.
1155 1306 1184 1335 1.
1230 1304 1316 1334 Vide
1343 1306 1370 1334 &a
1403 1304 1535 1335 Diodor.
1564 1303 1663 1333 Sicul.
1693 1303 1746 1333 lib.
1762 1305 1792 1334 8.

969 1356 1038 1384 cap·
1058 1348 1087 1376 4.

1014 1391 1083 1419 172.
1121 1388 1328 1430 Sarcopliago]
1366 1390 1412 1419 Ita
1441 1393 1570 1419 vocatur
1596 1389 1794 1428 sepulcrum,

970 1432 1057 1470 quod
1073 1442 1181 1462 carnes
1197 1440 1296 1471 voret,
1312 1434 1328 1462 a
1346 1430 1450 1470 σαριδς
1466 1434 1492 1461 δι
1509 1432 1608 1470 φάγω,
1623 1432 1699 1461 item
1716 1431 1794 1470 lapis

969 1474 1100 1512 quidam
1127 1481 1170 1505 ex
1198 1474 1277 1505 Asso
1306 1475 1437 1506 Troadis
1465 1475 1682 1504 Promontorio
1708 1474 1793 1504 fissili

969 1516 1050 1546 vena
1065 1519 1196 1556 scissus3
1222 1520 1253 1548 in
1269 1527 1308 1548 eo
1323 1518 1450 1547 condita
1475 1517 1701 1546 defunctorum
1724 1526 1793 1547 cor-

968 1568 1044 1598 pora
1060 1561 1142 1590 intra
1162 1560 1249 1590 diem
1266 1561 1543 1600 quadragesimum
1560 1559 1684 1589 absumi
1699 1564 1792 1589 testa·

968 1607 1021 1641 tur
1036 1602 1108 1632 Plin
1132 1604 1187 1633 lib.
1203 1603 1255 1633 36.
1271 1614 1341 1642 cap.
1364 1606 1410 1633 17.

1008 1644 1201 1686 sarcophago
1227 1649 1383 1675 contentus
1416 1645 1486 1683 erit]
1521 1644 1703 1675 Alexander
1740 1644 1793 1674 ille

966 1697 1115 1727 magnus,
1141 1698 1240 1727 quern
1268 1698 1334 1718 non
1363 1689 1507 1728 capiebat
1531 1687 1612 1717 orbis
1639 1692 1736 1725 totus,
1758 1688 1791 1718 in

967 1731 1044 1760 urbe
1069 1731 1235 1769 Babylone
1260 1741 1385 1761 veneno
1412 1731 1572 1760 extinctus
1595 1730 1715 1769 exiguo
1741 1737 1792 1760 tu-

966 1774 1056 1803 mulo
1068 1774 1220 1811 capietur.
1265 1773 1351 1803 Vide
1364 1773 1482 1804 sustin.
1497 1773 1550 1803 lib.
1568 1774 1616 1803 12.

1012 1818 1082 1845 174.
1114 1817 1286 1853 Velificatus
1298 1816 1408 1855 Athos]
1442 1816 1736 1855 Circumnavigatus
1751 1816 1789 1846 ab

965 1860 1109 1889 exercitu
1124 1859 1255 1896 Xerxis,
1269 1861 1436 1898 postquam
1453 1859 1562 1888 fuisset
1577 1859 1594 1887 a
1609 1859 1789 1888 continenti

963 1901 1118 1932 abscissus
1145 1902 1199 1931 ille
1223 1911 1316 1932 mons
1327 1902 1520 1932 Macedoniae
1548 1901 1694 1938 praealtus
1711 1902 1739 1930 δέ
1755 1902 1789 1931 in

962 1942 1102 1983 AEgeum
1118 1954 1205 1973 mare
1231 1954 1426 1983 procurrens,
1451 1948 1487 1972 ut
1503 1943 1599 1972 habet
1624 1942 1704 1972 Ptin.
1732 1943 1786 1973 lib.

963 1992 992 2015 4.
1009 1996 1078 2025 cap.
1098 1988 1146 2016 10.
1193 1986 1282 2017 Idem
1309 1992 1473 2016 attestatur
1491 1986 1643 2016 Herodot.
1676 1988 1730 2017 lib.
1756 1991 1786 2020 7.

961 2029 1079 2067 nempe
1096 2030 1217 2059 Athon.
1245 2030 1262 2058 a
1286 2030 1438 2059 militibus
1454 2029 1571 2058 Xerxis
1598 2029 1787 2070 perfossum,

961 2071 1128 2108 &jussum
1152 2071 1295 2101 intercidi
1321 2071 1481 2102 Isthmum
1504 2072 1542 2101 ad
1566 2073 1786 2112 recipiendum

960 2122 1046 2143 mare
1073 2114 1107 2143 in
1137 2114 1250 2144 fossam
1275 2120 1371 2144 tanta:
1395 2114 1570 2145 latitudinis
1595 2121 1631 2146 ut
1645 2115 1715 2146 duae
1733 2118 1788 2146 tri-

960 2164 1060 2186 remes
1084 2157 1199 2195 pariter
1223 2158 1293 2186 illac
1318 2157 1440 2187 traduci
1464 2163 1613 2196 possent:
1639 2157 1670 2187 id
1696 2160 1787 2197 porro

954 2198 1128 2237 jactantiae,
1157 2200 1185 2229 ἀ
1204 2199 1353 2238 potentiae
1381 2201 1551 2239 presertim
1577 2201 1786 2240 ostentandae,

959 2249 995 2270 ac
1024 2243 1184 2272 memoriae
1214 2243 1264 2272 sui
1296 2243 1512 2281 relinquenda:
1548 2242 1646 2282 gratia
1680 2244 1784 2282 potius

959 2284 1057 2321 quam
1083 2285 1176 2314 ullius
1191 2285 1385 2315 necessitatis
1400 2292 1457 2315 aut
1478 2285 1639 2316 commodi
1658 2286 1783 2316 factum

960 2332 1051 2356 notat
1066 2327 1183 2357 ibidem
1199 2327 1402 2357 Herodotus:
1428 2331 1455 2358 δε
1472 2329 1569 2368 paulo
1596 2329 1667 2366 post
1690 2329 1784 2359 refert

957 2377 1085 2408 aggeres
1100 2370 1179 2399 circa
1196 2371 1307 2400 Athon
1324 2370 1476 2409 perfectos
1500 2371 1538 2400 ad
1560 2371 1642 2399 alvei
1664 2370 1784 2409 fauces,

959 2420 1000 2440 ne
1018 2421 1071 2450 per
1086 2413 1230 2442 aestuaria
1242 2414 1334 2442 maris
1347 2413 1406 2442 illae
1423 2414 1671 2443 obstruerentur.

1005 2454 1156 2494 Quicquid
1172 2454 1291 2484 Graecia
1306 2456 1446 2493 mendax,
1458 2455 1522 2494 &ej
1539 2455 1701 2494 Quicquid
1714 2465 1783 2486 nar-

959 2503 1027 2526 rant
1043 2498 1215 2536 Scriptores
1228 2497 1332 2527 Graeci
1346 2499 1420 2528 vani
1437 2500 1463 2529 ἃ
1486 2498 1663 2528 mendaces.
1700 2497 1780 2529 Por-

958 2544 1081 2570 tentosa
1104 2541 1234 2571 Graeciae
1260 2540 1426 2571 mendacia
1451 2547 1541 2571 vocat
1567 2541 1648 2570 Plin.
1675 2541 1730 2571 lib.
1746 2543 1778 2573 5.

955 2590 1025 2620 cap.
1043 2585 1071 2611 1.

1002 2627 1071 2654 175.
1100 2624 1252 2656 classibus
1266 2626 1382 2665 iisdem]
1419 2626 1545 2659 Quibus
1564 2625 1665 2656 Athos
1680 2626 1779 2657 velifi-

954 2673 1042 2697 catus
1070 2668 1225 2698 aXerxe.
1273 2670 1393 2700 Classes
1418 2670 1492 2698 vero
1517 2669 1609 2698 dicit:
1634 2678 1708 2700 narn
1736 2679 1779 2700 ex

954 2708 1119 2740 Herodoto
1146 2712 1199 2741 cit.
1227 2713 1255 2741 δε
1271 2712 1401 2742 Justino
1425 2711 1477 2740 lib.
1496 2712 1526 2740 2.
1571 2711 1698 2741 Xerxes
1722 2712 1778 2742 ha-

953 2751 1022 2781 buit
1038 2753 1168 2783 navium
1187 2754 1339 2793 myriadas
1354 2754 1457 2792 plures
1471 2764 1480 2791 ;
1514 2755 1604 2793 sique
1619 2753 1707 2793 fides,
1723 2755 1778 2785 de-

951 2794 1013 2824 cies
1029 2803 1162 2826 centum
1178 2797 1276 2826 millia
1291 2802 1511 2825 numerantur.

995 2837 1065 2868 176.
1103 2838 1352 2878 Suppes-itumque
1380 2839 1467 2877 rolis]
1503 2840 1630 2869 Scilicet
1645 2840 1717 2870 cum
1733 2849 1776 2870 ex

948 2879 1026 2909 Asia
1041 2881 1074 2909 in
1089 2880 1252 2919 Europam
1266 2882 1424 2910 exereitus
1442 2882 1458 2910 ὲ
1474 2882 1584 2912 Xerxe
1600 2882 1775 2912 traductus.

948 2931 1024 2951 cum
1053 2924 1196 2953 curribus
1234 2923 1388 2962 plurimis,
1427 2930 1606 2954 constructo
1645 2925 1775 2954 navibus

947 2969 1049 3002 ponte
1075 2966 1092 2994 a
1118 2966 1209 2995 Sesto
1223 2966 1261 2994 ad
1276 2965 1441 3003 Abydum,
1460 2968 1643 3006 junctoque
1665 2966 1773 2997 Helle·

946 3011 1077 3044 sponto,
1101 3008 1203 3046 spatio
1216 3012 1339 3046 septem
1363 3008 1534 3039 stadiorum
1558 3010 1772 3047 interjacente.

946 3047 1020 3081 Qua
1034 3049 1156 3081 ratione
1170 3058 1251 3090 pons
1267 3049 1326 3080 iste
1339 3049 1453 3091 factus,
1465 3051 1605 3083 edisserit
1616 3050 1773 3089 Herodot,
