1948 3281
75 89 159 131 *230

81 192 205 222 mittite.
250 191 343 222 Abeo.
392 191 440 222 At
456 191 596 222 Lucilius
607 182 773 237 Mejlte.

75 236 211 275 procidit
221 235 376 265 civitatem
386 246 399 270 ,·
416 239 456 273 te,
469 237 488 265 ὁ
498 236 601 274 Lupe;
609 242 669 282 Te

84 280 107 316 ες
125 283 166 316 te,
185 279 204 307 ὀ
219 278 306 307 Mati
316 289 329 313 ‚-
351 281 374 316 ‘3-
387 279 419 308 in
433 279 501 308 istis
516 279 600 317 rupit
673 271 684 290 ’

85 322 204 350 dentem
241 322 390 351 intimum.

695 92 883 134 PERSII
916 88 1137 133 SATIRA
1168 90 1208 132 I.

833 181 1033 224 Discedo.

708 241 826 294 Lupe
850 255 861 290 3
889 248 944 288 te,
969 236 1114 286 Muti3
1151 238 1190 278 Sc
1213 237 1442 292 genuinum
1457 238 1578 294 fregit
1600 238 1644 279 in
1667 235 1762 278 illis.

449 299 753 351 Horatiusomsse
773 296 882 338 vafer
903 295 1052 335 vitium
1081 294 1229 335 ridenti
1253 295 1423 335 Flaccus
1445 295 1579 336 amico

1096 179 1237 221 Secuit
1252 179 1439 222 Lucilius
1460 179 1604 221 urbem
1618 195 1631 231 3
1727 179 1817 220 114*-

86 367 179 393 solers
195 366 309 404 pariter
325 366 423 403 carpit
438 363 600 403 quemlibet
611 353 764 410 Tangit
784 369 793 394 ε
831 354 870 394 δε
892 352 1094 393 admissus
1113 352 1270 392 circum
1293 352 1529 405 praecordia,
1558 351 1679 404 ludit,

86 417 213 437 ‘'⁷⁷⁰⁷'‘27'2
230 409 316 446 apud
333 408 526 456 familialem
550 407 599 436 ἄρ’
614 411 799 453 Callidus
822 425 995 451 excusso
1019 410 1221 466 populum
1241 409 1486 466 suspendere
1501 424 1618 452 naso.

87 452 247 488 ridentem,
258 453 280 489 ‘S‘
294 455 437 489 exceptus
446 460 526 480 circa
538 460 603 487 cor,

88 494 232 533 colludit,
250 494 369 534 peritus
384 494 570 524 subsannare
580 491 728 531 populum
751 490 876 520 naribus
890 490 1047 520 succussis.

140 637 212 665 114.
246 635 393 674 Discedo]
429 633 596 674 Siquidem
634 634 684 663 his
718 632 930 672 parcendum,

95 689 167 717 quae
184 685 259 709 sunt
273 677 418 708 maxime
432 678 677 717 reprehensione
692 677 799 717 digna,
822 676 932 714 inquit

93 721 225 760 Persius,
248 722 325 751 hinc
349 722 432 751 mihi
452 721 708 760 demigrandum.
752 720 848 749 Abeo
876 720 933 749 ita-

94 775 183 804 que3
207 766 263 794 vix
294 766 382 795 enim
411 765 491 794 mihi
516 770 728 803 temperarem
757 762 810 802 (ut
840 763 932 792 initio

95 810 211 839 monui
236 808 443 847 petulantem
470 807 551 838 mihi
575 808 696 837 lienem
728 805 812 845 esse)
851 807 933 843 quin

95 851 219 881 satirica
245 852 390 881 libertate
417 856 523 881 uterer
544 851 578 880 in
603 851 653 880 his
678 850 811 890 perinde
839 859 876 879 ac
899 849 934 879 in

95 895 225 925 caeteris.

138 938 241 967 Secuit
255 937 409 976 Lucilius]
434 938 586 976 Seipsum
601 937 763 977 redarguit
784 936 909 967 Persius
927 947 933 964 :

97 982 204 1012 Eccur
232 991 305 1011 vero
336 979 517 1011 discedam?
541 980 629 1014 Quid
659 981 790 1010 verebor
819 980 935 1017 facere,

99 1026 188 1065 quod
212 1030 288 1055 ante
305 1035 356 1054 me
372 1025 426 1054 alii
442 1024 578 1063 impune
592 1024 749 1055 fecerunt.

142 1067 295 1106 Lucilius]
314 1069 351 1098 C.
371 1068 516 1097 Lucilius
534 1069 655 1105 primus
671 1066 758 1105 apud
773 1066 937 1096 Romanos

99 1113 214 1142 satiras
239 1111 374 1150 scripsit.
419 1111 467 1140 At
492 1111 574 1140 sicut
589 1110 755 1140 Lucilium
770 1110 936 1146 Horatius,

99 1155 271 1185 Horatium
291 1155 426 1190 Persius,
449 1154 526 1183 alios
549 1162 661 1183 omnes
674 1153 844 1183 Juvenalis
866 1154 937 1181 imi-

102 1205 187 1228 tatus
202 1204 264 1235 est;
291 1199 335 1228 sic
351 1197 497 1227 Lucilius
520 1202 650 1226 secutus
673 1196 778 1226 fuerat
789 1196 938 1226 Ennium

102 1243 131 1271 ὃ(
144 1242 293 1272 Accium.

103 1285 217 1315 Horat.
234 1285 289 1314 lib.
307 1287 333 1314 1.
352 1285 417 1313 Sat.
436 1285 486 1312 10.

173 1328 233 1357 Nil
249 1327 341 1357 comis
359 1327 482 1368 Tragici
499 1331 598 1356 mutat
612 1325 749 1355 Lucilius
763 1325 840 1355 Acci
851 1325 866 1354 2

176 1370 242 1400 Non
259 1371 339 1400 ridet
352 1381 452 1400 versus
464 1370 495 1399 E
498 1369 550 1399 nni
562 1371 719 1410 gravitate
732 1369 859 1398 minores
870 1367 885 1397 ,⁷

102 1415 259 1446 Coaevum
274 1414 371 1444 fuisse
385 1414 528 1453 Scipioni
541 1413 693 1443 Africano
708 1418 841 1442 testatur
855 1412 940 1442 idem

101 1458 215 1489 Horat.
246 1458 300 1487 lib.
317 1458 347 1486 2.
379 1457 443 1487 Sat.
464 1459 494 1486 1.
519 1457 576 1486 ubi
603 1458 632 1486 δε
659 1456 735 1485 alibi
761 1456 878 1494 passim
906 1456 940 1484 in

103 1501 313 1532 Sermonibus
331 1500 497 1530 Lucilium
513 1501 614 1538 carpit
637 1499 808 1534 mordicfie,
832 1508 938 1536 quan-

103 1554 204 1584 quam
231 1553 350 1584 magno
376 1544 444 1573 aliis
473 1543 505 1572 in
530 1544 631 1581 pretio
655 1543 752 1571 fuisse
784 1541 938 1579 refertur3

102 1598 164 1618 nec
180 1597 270 1618 suam
285 1587 344 1625 ipsi
360 1587 489 1617 laudern
507 1586 647 1615 detrahit
662 1586 800 1616 Quintil.
815 1584 869 1614 lib.
888 1586 939 1614 10.

102 1631 208 1661 Natus
232 1630 332 1660 nobili
356 1630 426 1659 loco
453 1639 496 1658 ex
515 1630 646 1658 Arunca
672 1629 824 1658 Ausoniae
849 1628 939 1665 urbe,

104 1684 192 1705 anno
221 1684 288 1704 uno
314 1673 491 1712 antequam
517 1673 640 1701 veniret
657 1671 817 1710 Carthago
831 1671 864 1700 in
882 1671 942 1700 Ro-

105 1727 278 1748 manorum
289 1721 495 1756 potestatem.
523 1715 689 1754 Scripsisse
698 1715 813 1744 dicitur
827 1715 941 1744 Satira-

107 1771 180 1791 rum
198 1761 291 1790 libros
311 1759 484 1799 plusquam
502 1759 647 1797 triginta:
673 1764 704 1787 at
725 1764 943 1796 pervenerunt

107 1804 147 1834 ad
167 1814 223 1833 nos
240 1803 421 1843 fragmenta
437 1802 562 1832 tantum
579 1802 703 1839 aliquot
717 1813 723 1830 z
757 1802 899 1831 crinitus.

155 1844 280 1887 Urbem]
305 1847 438 1876 Romam
465 1846 492 1874 Sc
519 1845 758 1883 potentissimos
780 1844 942 1874 Romano-

109 1900 180 1920 rum
197 1890 345 1919 acerrime
361 1891 545 1918 insectatus.

108 1934 220 1964 Horat.
236 1933 292 1962 lib.
312 1935 340 1962 1.
355 1933 420 1961 Sat.
440 1932 486 1961 10.

181 1975 252 2006 Sale
269 1975 368 2005 ‘multo
380 1976 481 2005 urbem
498 1974 655 2013 defricuit.

106 2020 150 2050 Et
163 2021 218 2050 lib.
236 2020 264 2048 2.
287 2019 350 2048 Sat.
370 2020 400 2048 1.

180 2062 332 2092 Primores
348 2061 456 2101 populi
481 2062 611 2102 arripuit
629 2060 836 2100 populumque
852 2060 947 2090 tribu-

236 2106 300 2135 tim.

107 2149 262 2180 Juvenal.
278 2149 344 2177 Sat.
362 2150 389 2178 1.

181 2192 267 2221 Ense
283 2190 367 2220 velut
382 2191 490 2221 stricto
506 2192 622 2230 quoties
639 2190 778 2220 Lucilius
793 2190 903 2219 ardens

180 2235 350 2274 Infrcmuit
363 2235 378 2263 ,Ξ

154 2280 227 2308 115.
256 2277 308 2315 Te,
322 2277 434 2316 Lupe;
457 2280 498 2314 te,
512 2276 614 2315 Bluli]
636 2276 838 2306 Nominatim
851 2276 949 2306 etiam

111 2332 240 2361 carpere
251 2331 346 2351 ausus
361 2326 406 2351 est
422 2320 506 2350 inter
520 2321 597 2349 alios
611 2320 734 2349 nobiles
748 2320 842 2357 viros,
868 2319 949 2349 Pub.

88 2374 91 2378 ·
111 2365 275 2396 Rutilium
288 2364 422 2402 Lupum
435 2364 622 2400 Consulem,
636 2364 664 2392 δε
675 2362 789 2392 Titum
802 2363 949 2392 Mutiurn

110 2408 287 2438 Albutiurn
309 2407 401 2436 valde
426 2412 594 2445 potentem
609 2407 726 2443 virum,
750 2406 799 2434 his
817 2406 948 2444 quidem

111 2452 264 2488 versibus,
289 2460 371 2490 quos
395 2451 495 2480 etiam
521 2449 634 2480 Cicero
660 2448 751 2479 affert
774 2448 828 2479 lib.
855 2451 882 2477 1.
909 2450 949 2478 de

111 2494 256 2524 Finibus.
639 2520 642 2523 .

183 2537 323 2568 Graecum
348 2539 390 2574 te,
414 2535 535 2575 Albuti,
563 2537 654 2575 qudm
670 2533 841 2565 Romanum
858 2540 949 2575 atque

238 2579 383 2608 Sulinum

184 2621 376 2660 IlIuniiipem
392 2621 498 2658 Ponti,
522 2624 657 2650 tutamen
677 2620 906 2659 Centurionum,

183 2663 402 2694 Praeclarorum
415 2664 565 2694 hominum
576 2674 614 2693 ac
623 2665 803 2703 primorum,
818 2665 948 2704 signife-

239 2716 363 2744 rumque

182 2749 330 2780 Maluisti
345 2750 428 2779 dici:
454 2750 559 2779 (ἔνια-ἑ
575 2761 648 2791 ergo
664 2751 785 2780 Praetor
798 2750 928 2780 Athenis

182 2793 225 2823 Id
245 2793 327 2831 quod
349 2793 496 2831 maluisti,
523 2797 564 2832 te,
591 2795 657 2823 cum
679 2795 721 2823 ad
745 2804 791 2823 me
817 2794 947 2832 accedis,

240 2835 352 2865 saluto.

183 2879 283 2918 Χαῖρε,
306 2879 440 2917 inquam,
467 2878 556 2907 Tile:
596 2879 746 2918 Lictores,
771 2883 870 2910 turma
885 2891 946 2911 om-

237 2922 296 2959 nis,
319 2921 492 2961 cohorsque,

179 2963 321 3006 >tales-rs:
345 2964 416 2994 hinc
440 2964 534 2994 liostis
559 2962 601 2994 mi
617 2965 772 3006 Albutius,
794 2966 865 2996 hinc
887 2967 944 2997 im·-

236 3018 339 3038 mzcuS.

108 3052 153 3084 Et
167 3053 266 3094 paulo
281 3052 352 3091 post
366 3061 375 3080 z

1241 629 1388 669 Tubulus,
1403 631 1430 660 sz'
1443 630 1557 660 Lucius
1571 631 1706 672 inquam,

1048 674 1085 703 Si
1098 675 1217 713 Lupus,
1230 679 1284 704 aut
1303 674 1413 712 Carbo,
1429 678 1483 704 aut
1500 673 1740 714 Neptuni-filius.

1021 717 1209 759 Geminum]
1232 718 1379 748 Genuini
1399 724 1556 747 vocantur
1579 719 1731 749 dentium
1743 729 1814 759 pos·

978 761 1083 798 tremi,
1121 762 1286 801 iidemque
1317 761 1511 791 validissimi.
1569 761 1648 790 Plin.
1676 762 1729 792 lib.
1763 765 1816 793 11.

979 813 1049 842 cap.
1069 807 1119 834 37.
1145 805 1270 842 Festus,
1293 805 1348 834 lib.
1366 806 1395 835 7.
1414 805 1487 834 vuit
1503 804 1546 834 ita
1561 805 1672 843 dictos,
1695 806 1782 844 quod
1798 808 1817 837 ὲ

979 849 1066 886 genis
1083 848 1297 887 dependeant.

1021 891 1144 931 Fregit]
1157 892 1259 921 Suam
1270 901 1404 921 omnem
1420 891 1622 921 dicacitatem
1639 901 1815 932 consump-

980 934 1020 963 sit
1033 935 1199 973 carpendis
1215 945 1329 964 eorum
1346 935 1437 964 vitiis.

1026 977 1100 1006 116.
1123 978 1265 1016 Ridenti]
1289 978 1365 1007 Non
1389 978 1579 1015 indignanti,
1602 979 1653 1008 vel
1669 979 1765 1009 etiam
1781 979 1818 1008 li-

981 1020 1094 1050 benter
1110 1021 1267 1060 audienti,
1291 1022 1368 1060 quia
1383 1022 1494 1050 callide
1512 1022 1540 1050 &
1566 1021 1680 1052 festive
1691 1023 1819 1052 morde-

982 1063 1036 1092 bat
1052 1064 1215 1094 Horatius.

1025 1106 1148 1148 Amico]
1172 1108 1237 1138 Vel
1265 1109 1463 1146 cuicumque
1491 1117 1549 1137 suo
1576 1107 1734 1146 familiari,
1769 1109 1819 1139 vel

983 1150 1043 1188 ipsi
1083 1151 1271 1189 Mecaeuati,
1309 1152 1363 1181 cui
1400 1160 1460 1180 nec
1498 1151 1677 1190 pepercisse
1711 1151 1820 1182 fertur.

985 1193 1078 1223 Certe
1094 1194 1186 1224 illum
1204 1195 1327 1225 videtur
1343 1194 1561 1234 perstrinxisse
1577 1195 1643 1224 Sat.
1659 1196 1690 1224 3.
1717 1195 1771 1226 lib.
1792 1197 1821 1225 1.

986 1236 1040 1265 ubi
1055 1237 1099 1266 ait
1113 1249 1118 1265 :

1057 1279 1230 1319 Simplicior
1241 1281 1268 1310 si
1283 1280 1360 1319 quis,
1375 1282 1492 1319 qualem
1508 1290 1555 1311 me
1567 1281 1643 1321 saepe
1659 1282 1791 1311 libenter*

1062 1323 1231 1353 Obtulerim
1245 1325 1311 1361 til-i,
1324 1324 1491 1361 mecoenas,
1507 1324 1636 1362 utfiirte
1650 1325 1801 1365 legentem

1057 1366 1123 1395 Aut
1155 1368 1283 1397 tacitum
1307 1367 1448 1407 impellat
1471 1369 1576 1406 quovis
1599 1378 1735 1398 sermone
1759 1379 1822 1397 mo·

1116 1409 1211 1439 [estus
1221 1421 1235 1445 ;

1059 1451 1217 1483 Communi
1229 1463 1317 1483 sensu
1327 1453 1422 1493 plane
1437 1458 1518 1483 caret
1535 1454 1702 1494 inquimus:
1727 1454 1801 1485 eheu

1060 1495 1160 1528 Quam
1176 1496 1286 1526 temere
1301 1498 1334 1526 in
1357 1501 1470 1527 nosmet
1486 1499 1583 1538 legem
1596 1499 1746 1527 sancimus
1759 1499 1823 1528 im·-

1114 1550 1204 1578 quam
1215 1541 1228 1569 !

1057 1581 1141 1612 Nam
1156 1583 1240 1614 vitiis
1255 1594 1339 1613 nemo
1354 1582 1420 1614 sine
1435 1584 1572 1614 noscitur
1583 1597 1593 1613 :
1625 1585 1758 1625 optimus
1770 1585 1825 1616 ille

1113 1630 1160 1656 est

1063 1669 1124 1702 Qui
1137 1669 1268 1699 minimis
1281 1675 1419 1711 urgetur.

985 1713 1144 1743 Attamen
1160 1714 1235 1743 cum
1253 1715 1375 1744 Persius
1391 1714 1476 1745 dicat
1487 1725 1585 1745 omne
1601 1715 1716 1746 vitium
1733 1717 1822 1758 tangi

985 1757 1024 1786 ab
1048 1756 1195 1795 Horatio,
1220 1759 1248 1787 δε
1274 1758 1373 1797 paulo
1400 1759 1472 1797 post
1499 1759 1661 1798 populum
1690 1769 1826 1791 excusso

986 1809 1063 1829 naso
1081 1801 1252 1838 suspendi:
1293 1802 1402 1831 malim
1421 1802 1620 1840 interpretari
1635 1802 1678 1832 sic
1693 1814 1699 1831 :
1724 1814 1824 1834 omne

989 1844 1217 1882 cujuscunque
1240 1845 1356 1874 vitium
1373 1844 1526 1874 Horatius
1549 1845 1635 1874 vafer
1663 1847 1764 1886 tangit
1793 1848 1823 1876 ὅς

989 1886 1118 1915 solerter
1134 1888 1277 1927 coarguit
1293 1887 1380 1926 apud
1396 1889 1538 1918 amicum
1555 1888 1725 1928 ridentem,
1749 1889 1823 1920 cum

991 1930 1106 1959 Satiras
1121 1939 1192 1959 suas
1207 1937 1271 1960 tam
1290 1931 1416 1960 festivas
1431 1932 1460 1960 ei
1475 1931 1593 1960 recitat.

1036 1975 1107 2003 117.
1132 1973 1179 2002 Et
1194 1974 1343 2003 admissus
1358 1974 1469 2003 circum
1480 1974 1665 2012 praecordia,
1681 1975 1747 2014 ἐξα]
1771 1977 1825 2006 Ab

990 2016 1099 2045 amicis
1122 2017 1204 2046 bene
1221 2024 1375 2054 exceptus
1396 2017 1495 2056 pergit
1522 2017 1561 2046 eo
1587 2017 1737 2047 libentius
1752 2021 1826 2049 scri-

991 2059 1065 2088 bere
1095 2060 1122 2088 ἅ-
1148 2061 1277 2089 recitare
1300 2060 1425 2089 Satiras.
1471 2059 1537 2089 Hic
1560 2061 1711 2090 nonnulli
1724 2062 1826 2092 subti-

991 2101 1084 2131 liores
1107 2112 1219 2132 sensus
1242 2104 1409 2141 rimantur,
1434 2104 1463 2132 <Sc
1492 2103 1597 2132 Persio
1619 2104 1823 2136 attribuunt:

991 2146 1079 2183 quod
1104 2155 1272 2184 nunquam
1300 2147 1473 2186 cogitavit:
1499 2146 1649 2177 nimirum
1666 2148 1725 2186 illi,
1748 2149 1827 2179 levi-

990 2197 1045 2217 ora
1070 2189 1213 2227 primum
1239 2190 1315 2218 vitia
1341 2190 1441 2228 carpit
1461 2189 1646 2219 Mecaenatis
1662 2190 1825 2231 Horatius,

991 2230 1158 2270 inquiunt,
1184 2233 1211 2261 δε
1229 2233 1302 2262 cum
1319 2243 1351 2262 se
1368 2233 1522 2271 placuisse
1537 2234 1578 2262 ob
1594 2233 1725 2263 solertes
1735 2235 1826 2272 jocos

995 2276 1022 2302 δι
1058 2275 1205 2305 festivam
1240 2275 1443 2306 dicacitatem
1480 2276 1715 2314 animadvertit,
1753 2284 1835 2308 tumr

993 2318 1182 2355 plusculum
1211 2319 1320 2357 audet,
1344 2321 1372 2349 ἅν
1402 2320 1582 2349 occultiora>
1612 2319 1828 2359 interioraque

991 2360 1132 2391 facinora
1147 2371 1214 2392 non
1229 2368 1356 2397 veretur
1369 2372 1511 2402 arguere.
1555 2362 1630 2391 Hoc
1643 2362 1763 2392 scilicet
1778 2370 1828 2394 est

992 2404 1102 2434 ludere
1118 2405 1200 2434 circa
1216 2406 1406 2443 praecordia?
1431 2405 1555 2434 Verum
1570 2414 1638 2434 uno
1652 2405 1827 2445 ictujugu-

991 2447 1036 2476 lat
1052 2448 1121 2477 illos
1139 2447 1328 2486 Interpretes
1352 2449 1439 2487 quod
1465 2449 1574 2478 statim
1599 2447 1676 2477 dicit
1691 2447 1826 2488 Persius,

993 2500 1092 2519 omne
1108 2491 1222 2520 vitium
1239 2492 1438 2530 reprehendi.
1485 2491 1562 2520 Non
1586 2491 1681 2530 igitur
1703 2492 1836 2523 minora*

992 2534 1110 2572 primo,
1134 2534 1251 2564 deinde
1267 2535 1418 2573 graviora.

1036 2576 1147 2615 Ludit]
1172 2577 1303 2607 Nemini
1330 2579 1440 2617 parcit,
1463 2577 1584 2607 vitiosis
1607 2586 1664 2606 sua
1688 2579 1840 2609 ostendit:⁴

993 2620 1069 2650 vitia
1087 2622 1115 2650 Sc
1130 2621 1242 2659 culpat
1254 2621 1320 2659 ille,
1343 2631 1404 2651 nec
1420 2627 1530 2650 tamen
1546 2621 1708 2658 culpando
1722 2621 1827 2652 offen-

993 2663 1050 2701 dit,
1079 2664 1159 2693 adeo
1180 2664 1267 2693 vafer
1287 2669 1333 2694 est
1350 2665 1379 2694 ὅ(
1394 2663 1538 2701 callidus,
1563 2669 1599 2693 ut
1615 2663 1828 2703 ludendorjo-

992 2707 1163 2746 candoque
1175 2708 1276 2737 animi
1292 2707 1422 2737 vulnera
1439 2712 1560 2745 premat
1576 2708 1604 2736 δε
1619 2714 1720 2737 curet.

1039 2750 1110 2780 118.
1134 2750 1272 2780 Excusso
1290 2749 1448 2788 populum,
1463 2750 1530 2788 ἔγω]
1555 2749 1732 2788 Explicant
1755 2752 1826 2790 qui·

991 2792 1078 2831 darn,
1103 2801 1248 2831 porrecto
1274 2794 1303 2822 δι
1331 2794 1431 2829 hilari,
1455 2799 1490 2822 ut
1513 2793 1620 2823 miuus
1635 2794 1766 2823 acerbus
1780 2795 1828 2824 vi·

991 2836 1104 2866 deatur
1131 2837 1229 2866 etiam
1255 2837 1328 2866 cum
1360 2836 1504 2874 mordet3
1535 2836 1589 2866 sed
1613 2836 1724 2866 malim
1751 2837 1827 2867 sim-

990 2880 1106 2917 plicius
1133 2880 1356 2918 interpretari,
1389 2889 1551 2915 succusso,
1575 2879 1664 2918 quod
1691 2880 1719 2908 &
1746 2890 1826 2916 vox,

988 2923 1169 2961 suspendere
1192 2923 1343 2962 postulat.
1391 2923 1484 2953 Certe
1509 2923 1583 2952 cum
1609 2922 1748 2952 ridemus
1770 2923 1827 2952 ali-

990 2976 1092 3004 quem
1119 2972 1218 3004 caput
1243 2966 1453 3004 excutimu53
1478 2967 1506 2995 δε
1523 2966 1597 2995 curn
1614 2965 1710 2994 alicui
1725 2965 1824 2995 insul-

989 3017 1095 3039 tamus
1110 3009 1233 3047 acriter,
1255 3015 1427 3047 acceptum
1454 3009 1550 3046 etiam
1573 3017 1689 3038 nasum
1706 3011 1836 3038 saecu-³

988 3053 1099 3082 timus.
1140 3051 1319 3091 Erit-igitur
1341 3051 1442 3083 facilis
1459 3053 1497 3082 ά*
1513 3051 1834 3091 pronainterpreta·
1857 3068 1861 3069 ν
