1948 3281
714 75 899 118 PERSII
931 75 1146 118 SATIRA
1176 77 1234 121 V.

114 162 279 206 Publica
300 164 363 206 lex
384 162 604 205 hominum
625 174 846 221 naturaque
868 167 1052 209 continet
1073 167 1152 208 hoc
1173 166 1249 219 fas,

113 222 175 269 Ut
198 231 328 262 teneat
349 220 495 262 vetitos
518 221 677 263 inscitia
697 223 837 264 debilis
857 235 986 265 actus,

110 278 249 318 Diluis
271 278 538 330 helleborum,
562 289 670 320 certo
694 295 950 335 compescere
971 290 1125 335 puncto

108 335 286 376 Nescius
308 351 507 388 examen,
536 346 641 377 vetat
664 337 742 377 hoc
765 347 905 379 natura
926 338 1132 380 medendi.

107 392 262 433 Navim
285 392 317 433 si
341 404 480 448 poscat
502 392 577 434 sibi
602 404 815 447 peronatus
837 405 966 435 arator

106 448 286 489 Luciferi
310 451 443 502 rudis;
478 450 675 491 exclamet
698 451 925 503 Melicerta,
949 452 1095 507 perisse

583 507 676 548 Tibi
699 519 806 548 recto
830 509 958 550 vivere
981 511 1060 550 talo

105 564 187 603 Ars
210 564 318 604 dedit
338 566 350 604 ?
386 566 437 605 Et
462 564 540 604 veri
563 564 738 619 speciem
760 565 996 621 dignoscere
1018 567 1153 618 calles,

104 505 298 547 Frontem
322 508 369 548 de
391 508 522 548 rebus.

1744 78 1827 123 327

1311 166 1372 197 Jus
1386 178 1536 198 commune
1551 168 1698 199 hominum
1720 172 1742 207 ‹3-
1764 180 1817 199 ua-

1310 213 1380 239 tura
1391 211 1598 250 complectitur
1609 213 1697 241 istam
1710 214 1818 252 legem,

1307 256 1342 282 ‘ut
1355 253 1531 293 ignorantia
1558 256 1702 292 impotens
1725 256 1818 284 absti-

1219 281 1297 323 100
1309 299 1380 324 neat
1396 296 1434 325 ab
1449 296 1618 326 actionibus
1636 298 1692 326 sibi
1714 297 1815 335 prohi-

1307 338 1389 367 bitis.
1436 340 1470 369 Si
1495 338 1673 368 helleborum
1700 342 1816 377 misces,

1305 381 1462 419 imperitus
1479 382 1583 410 sistere
1603 386 1749 411 stateram
1766 384 1814 412 tle-

1307 423 1368 453 bito
1395 425 1532 461 termino,
1557 425 1635 453 ratio
1663 426 1816 455 medicina·

1304 466 1495 505 idprolzibet.
1517 467 1550 496 Si
1559 467 1697 507 agricola
1713 477 1814 498 ocrea—

1306 515 1355 538 tus
1369 510 1426 538 siti
1442 510 1540 539 navim
1553 513 1686 549 postulet
1704 520 1814 547 regen-

1216 568 1288 608 10-
1304 551 1392 590 dam,
1407 562 1464 581 non
1486 563 1666 593 cognoscens
1687 552 1816 590 Lucife-

1267 582 1290 607 ὓ
1304 604 1366 623 rum
1377 605 1390 630 ,·
1411 596 1517 625 statim
1531 595 1699 626 Melicerta
1714 598 1814 626 excla-

105 632 211 669 mabit,
225 634 335 662 nullum
348 634 413 670 jam
426 634 567 672 pudorem
580 643 642 662 esse
655 633 686 661 in
701 633 796 663 rebus.
825 635 877 663 An
893 636 965 664 vero
980 634 1141 674 disciplina
1154 635 1209 665 tibi
1223 636 1351 665 contulit
1365 638 1458 667 vitam
1470 648 1561 678 agere
1575 637 1660 668 calce
1669 639 1784 668 dii-ectri
1796 640 1810 667 ,θ

106 675 162 704 An
178 676 268 705 etiam
284 675 361 705 ndsi'i
377 677 542 706 discernere
556 676 716 715 imaginem
733 676 886 715 veritatis,

149 827 202 859 98.
230 828 356 859 Publica
373 831 422 858 Iex
437 829 597 866 hominum,
614 828 682 867 iffa]
702 829 873 868 Expositio
889 834 939 860 est

107 870 216 908 prioris
228 873 404 902 sententiae.
440 872 512 902 Hoc
525 880 584 909 est,
599 872 629 900 id
645 881 711 902 non
728 873 874 902 continet
886 882 935 901 ru-

107 913 192 943 brica
206 914 348 953 Masurii,
373 925 434 944 nec
454 916 579 954 scripta,
603 914 657 944 sed
674 921 748 945 nata
760 915 816 944 lex
831 915 936 945 nobis-

105 964 196 995 cum,
207 957 351 996 adeoque
366 958 398 987 in
409 959 471 988 hoc
484 958 691 988 consentiunt
705 967 816 987 omnes
833 958 938 988 horni-

105 1007 174 1037 nes,
200 1000 286 1038 quod
311 1002 339 1030 Sc
364 1007 484 1031 naturae
506 1002 620 1030 lumen
643 1000 792 1039 ostendit,
815 1002 843 1030 ἀ
863 1002 936 1039 jure

103 1042 252 1081 gentium
266 1050 399 1074 cautum
414 1051 469 1074 est.

147 1084 198 1115 99.
227 1086 267 1115 Ut
283 1089 386 1115 teneat
398 1088 518 1124 vetitos,
533 1086 599 1124 ζα]
633 1085 676 1116 Ut
690 1087 827 1125 quisque
843 1087 936 1116 absti-

105 1133 181 1157 neat
207 1128 225 1157 a
250 1130 413 1159 moliendo
436 1140 473 1159 eo
497 1138 606 1168 opere,
635 1129 722 1168 quod
750 1130 872 1168 agendo
898 1140 934 1160 ac

105 1172 259 1201 tentando
288 1173 396 1202 vitiare
419 1173 597 1211 continget,
630 1173 670 1201 ob
695 1173 849 1202 inscitiam
879 1173 933 1211 rei,

104 1213 146 1242 ob
160 1214 365 1253 imperitiam,
379 1215 524 1254 adeoque
536 1216 758 1254 impotentiam
774 1216 844 1252 ejus
855 1224 933 1254 prae-

105 1257 235 1287 standae.

151 1300 220 1329 100.
243 1300 349 1330 Diluis
363 1300 560 1339 helleborum]
583 1300 753 1339 Exemplis
768 1300 935 1332 confirmat

105 1343 231 1373 Stoicus
248 1345 332 1382 quod
347 1344 438 1374 dixit.
485 1346 517 1373 Si
532 1345 740 1382 pharmacum
758 1344 785 1372 &
810 1344 934 1381 pericu-

102 1385 208 1415 losum
235 1387 380 1425 quidem,
398 1386 492 1425 quale
508 1393 555 1415 est
575 1386 788 1423 helleborum,
811 1393 933 1425 tempe-

105 1438 171 1458 rare
196 1430 271 1459 velit
292 1439 328 1459 ac
351 1439 525 1468 praeparare
549 1429 708 1467 quispiam
733 1428 866 1458 Medicae
892 1430 936 1459 rei

102 1471 247 1510 ignarus:
290 1472 436 1503 adversus
472 1482 549 1502 eum
578 1471 694 1501 elamat
720 1470 774 1500 lex
804 1472 936 1502 meden-

105 1514 148 1544 di.

145 1556 356 1597 Helleborum]
380 1558 487 1588 Herba
503 1563 550 1587 est
573 1557 780 1594 medicinalis,
805 1556 845 1586 de
869 1567 935 1596 qua

99 1599 168 1636 jam
182 1602 256 1630 ante
274 1611 339 1631 non
352 1601 461 1631 semel.
505 1600 586 1629 Vide
602 1600 688 1629 Gell.
703 1600 757 1629 lib.
774 1601 824 1629 17.
838 1609 865 1628 c.
884 1602 933 1630 15.

101 1642 146 1672 Et
161 1643 241 1673 Plin.
264 1645 318 1674 lib.
334 1645 386 1674 25.
399 1654 469 1682 cap.
484 1645 514 1671 5.
538 1643 594 1672 ubi
615 1648 755 1673 recenset
778 1642 934 1673 hellebori

102 1687 235 1725 species,
250 1688 328 1725 vim,
345 1696 453 1716 usum.

107 1722 111 1728 ’
148 1727 237 1758 Certo
249 1738 429 1769 compescere
435 1731 547 1767 puncto
561 1725 692 1768 nescius]
713 1726 785 1756 Non
802 1728 845 1757 ad
866 1732 934 1757 tru-

102 1770 211 1809 tinam,
226 1774 280 1802 sed
291 1774 334 1802 ad
351 1777 495 1802 stateram
507 1770 622 1808 retulit,
639 1770 832 1809 que-punctis
845 1772 868 1808 ‹3-
877 1781 932 1800 un-

99 1813 155 1842 ciis
166 1815 320 1855 signatur.
343 1815 473 1845 Veteres
489 1813 590 1843 Gloss.
636 1813 694 1842 Est
706 1813 794 1842 enim
807 1820 932 1855 statera,

99 1855 179 1886 libra
191 1859 259 1887 sine
271 1859 428 1888 lancibus.

145 1899 236 1930 Certo
246 1902 376 1939 puncto]
393 1899 513 1930 Habita
529 1899 696 1939 diligenter
714 1899 833 1928 ratione
849 1909 932 1929 mor-

99 1941 144 1980 bi,
160 1951 280 1974 naturae
297 1944 480 1982 viriumque
494 1942 686 1982 aegrotantis,
699 1942 777 1971 item
794 1942 933 1972 medica-

101 1987 204 2016 menti
219 1996 276 2016 seu
291 1987 467 2025 pharmaci,
491 1993 528 2015 ut
543 1985 627 2014 ceri&
650 1985 801 2014 mensura
816 1986 844 2014 Se
860 1995 932 2023 pro-

99 2029 260 2067 portione,
283 2036 369 2058 certo
393 2030 546 2069 pondere,
575 2028 742 2058 misceatur
764 2037 800 2057 ac
827 2028 932 2067 detur,

100 2070 221 2109 alioqui
238 2072 435 2103 nociturum.

147 2115 219 2143 101.
241 2114 397 2152 Examen]
418 2115 495 2144 Jam
517 2113 659 2143 diximus
675 2123 741 2142 esse
763 2114 796 2143 in
818 2118 931 2145 statera

100 2156 220 2194 stylum
237 2158 295 2195 qui
310 2157 422 2186 eodem
441 2156 539 2196 vergit
554 2165 620 2195 quo
642 2156 769 2195 pondus
783 2157 930 2196 inclinat,

101 2198 187 2228 unde
204 2201 233 2228 δε
249 2210 306 2238 pro
321 2199 430 2238 regula
445 2205 502 2228 est.

143 2241 268 2271 Natura
284 2241 436 2279 medendi]
459 2241 523 2271 Vel
546 2251 594 2271 ars
622 2251 692 2280 qnae
721 2246 769 2271 est
795 2242 930 2273 imitatio

99 2290 233 2322 naturae,
252 2285 359 2324 potius
374 2286 418 2314 vis
443 2286 471 2314 Sc
494 2290 607 2314 natura
627 2284 806 2314 medicinae.
850 2284 932 2316 Vult

97 2328 188 2357 enirn
203 2334 322 2358 naturae
337 2328 423 2364 ordo,
450 2332 487 2356 ut
500 2328 579 2357 fiant
594 2327 703 2357 omnia
718 2327 776 2356 rite
791 2336 826 2356 ac
842 2328 931 2366 scite,

99 2372 188 2408 quod
205 2371 296 2401 rudes
313 2372 340 2399 δε
358 2370 497 2409 imperiti
508 2378 651 2409 praestare
667 2373 844 2408 nequeunt.

144 2415 216 2444 102.
239 2413 352 2443 Navim
375 2413 401 2441 si
421 2417 542 2451 poscat,
559 2412 625 2450 [δικ]
646 2412 796 2442 Alterum
819 2421 929 2442 exem-

98 2455 192 2494 plum
213 2457 252 2486 ab
275 2456 422 2495 imperito
444 2455 487 2485 rei
510 2456 656 2485 nauticae.
699 2454 811 2484 Horat.
826 2454 879 2485 lib.
895 2456 928 2485 2.

97 2498 199 2537 Epist.
218 2502 244 2529 1.

141 2541 260 2572 Navem
273 2552 364 2582 agere
378 2542 504 2581 ignarus
518 2541 603 2569 navis
617 2540 711 2577 timet,
727 2540 786 2569 &c-

141 2581 325 2623 Peronatns]
357 2584 495 2614 Indutus
525 2582 710 2622 peronibus,
733 2583 790 2621 qui
818 2584 928 2614 rustici

99 2626 197 2655 calcei
210 2635 284 2657 sunt
296 2627 314 2657 e
326 2627 425 2657 crudo
436 2627 532 2663 corio,
546 2626 596 2655 vel
610 2625 627 2653 ὲ
640 2625 786 2663 pellibus,
802 2627 860 2663 qui
873 2636 924 2656 su-

99 2677 156 2707 pra
172 2678 277 2708 genua
301 2669 535 2708 portenduntur
557 2668 596 2698 ad
617 2667 789 2697 arcendum
802 2668 926 2708 lutum,

97 2712 200 2748 nives,
213 2711 338 2741 imbres.

99 2751 208 2792 virgil.
225 2752 351 2783 AEneid.
368 2757 399 2785 7.

372 2796 506 2838 Vestigia
522 2797 603 2827 nuda
616 2796 733 2825 sinistri

139 2836 306 2867 Instituere
314 2839 399 2877 pedis
411 2851 423 2874 ,·
442 2841 551 2869 crudus
565 2840 643 2880 tegit
657 2838 756 2868 altera
765 2848 852 2877 pero,

96 2879 246 2911 Juvenal.
261 2881 326 2910 Sat.
340 2883 389 2911 14.
406 2892 434 2911 V.
453 2883 522 2912 186.

138 2921 198 2951 Nil
210 2924 455 2961 vetitumfecisse
468 2927 545 2955 volet
557 2934 641 2963 quem
655 2933 714 2953 non
723 2924 821 2962 pudet
835 2923 899 2954 alto

137 2964 199 2993 Per
207 2967 335 3005 glaciem
343 2976 454 3004 perone
464 2968 539 3006 tegi,
552 2968 603 3006 qui
615 2970 773 2996 summovet
785 2966 886 2996 Euros

137 3007 271 3037 Pellibus
285 3009 418 3038 inversis.

138 3052 210 3081 103.
245 3048 384 3090 Luciferi
406 3051 501 3092 rudis]
537 3052 686 3093 Ignorans
711 3057 795 3084 astra
818 3054 917 3084 cuivis

980 835 1070 868 nota,
1085 832 1186 869 qualis
1213 837 1260 860 est
1274 829 1452 873 φωσφὸςθι,
1475 841 1533 862 seu
1559 833 1648 862 stella
1664 832 1808 871 Veneris,

980 882 1052 911 quir.a
1070 876 1163 904 mane
1181 874 1323 913 Lucifer,
1338 885 1467 913 vespere
1491 876 1653 913 Hesperus
1668 883 1810 914 vocatur,

981 915 1096 946 Nautis
1118 918 1202 947 certe
1230 918 1404 946 necessaria
1435 918 1620 956 Astrologiae
1657 919 1810 958 cognitio,

979 958 1134 998 imprimis
1151 961 1241 998 olim,
1265 960 1395 998 quando
1412 961 1539 989 nonnisi
1555 961 1592 990 ad
1617 969 1696 990 astra
1711 969 1809 992 noctu

979 1002 1204 1041 navigabatur:
1228 1009 1261 1032 at
1277 1012 1362 1032 nunc
1380 1003 1410 1032 id
1425 1003 1546 1033 facilius
1563 1005 1678 1038 multo,
1694 1005 1811 1042 opertis

979 1044 1077 1075 etiam
1093 1051 1286 1084 tempestate
1299 1045 1450 1075 sideribus
1464 1056 1473 1083 3
1497 1046 1535 1075 ad
1551 1056 1646 1076 acum
1662 1055 1812 1086 magnete

977 1087 1090 1118 illitam
1108 1089 1126 1117 a
1143 1089 1251 1127 paucis
1264 1089 1429 1118 inventam
1443 1089 1575 1119 saeculis.
1808 1113 1811 1115 .

978 1129 1088 1169 virgil.
1102 1129 1231 1161 AEneid.
1249 1132 1278 1160 3.
1295 1131 1334 1161 de
1347 1131 1496 1161 Palinuro
1514 1138 1611 1162 noctu
1625 1140 1789 1172 surgente.

1017 1174 1126 1202 »Sidera
1141 1178 1251 1203 cuncta
1266 1177 1354 1203 notat
1371 1175 1464 1203 tacito
1479 1174 1614 1204 labentia
1628 1177 1716 1213 coelo,

1019 1216 1197 1254 Arcturum,
1230 1217 1407 1256 pluviasque
1443 1217 1585 1256 Hyadas,
1617 1219 1812 1258 geminosque

1110 1259 1246 1296 Triones,

1020 1301 1238 1340 firmatumque
1249 1313 1322 1332 auro
1335 1302 1535 1340 circumspicit
1550 1302 1674 1332 Oriona.

1021 1344 1187 1383 Postquam
1202 1350 1311 1375 cuncta
1324 1346 1406 1375 videt
1421 1347 1495 1374 coelo
1510 1349 1646 1375 constare
1660 1356 1776 1386 sereno,

1021 1387 1088 1416 Dat
1102 1389 1216 1417 clarum
1233 1388 1248 1417 ἑ
1260 1389 1358 1427 puppi
1370 1388 1503 1428 signum,
1518 1390 1576 1419 Sec.

1023 1428 1204 1470 Melicerta]
1230 1430 1321 1460 Deus
1337 1432 1492 1469 marinus,
1519 1432 1576 1470 qui
1593 1431 1621 1460 δέ
1638 1431 1812 1472 Palaemon,

981 1472 1010 1501 ἅτ
1026 1472 1199 1512 Portunus,
1216 1474 1255 1503 eo
1271 1473 1360 1513 quod
1377 1475 1533 1512 portubus
1557 1481 1679 1513 praeest.
1723 1476 1813 1516 Lege

981 1514 1075 1546 Ovid.
1093 1515 1349 1556 Metamorphos.
1365 1518 1395 1546 4.
1411 1517 1487 1546 Fab.
1508 1518 1557 1547 13.

978 1558 1032 1589 De
1047 1568 1086 1588 eo
1100 1559 1143 1588 sic
1155 1558 1265 1598 Virgil.
1278 1558 1392 1598 Georg.
1409 1560 1438 1588 1.

1025 1602 1160 1639 Votaque
1170 1602 1284 1632 servati
1294 1602 1391 1631 solent
1406 1602 1437 1630 in
1451 1601 1554 1631 littore
1570 1607 1672 1633 nauta?

1020 1644 1148 1682 Glauco,
1165 1647 1186 1683 ῖς
1198 1644 1364 1683 Panopeae,
1381 1646 1403 1682 ξς
1419 1644 1492 1674 Inoo
1505 1645 1684 1676 RIelicertoe.

976 1686 1064 1716 Huic
1091 1688 1217 1717 Isthmii
1242 1688 1310 1717 ludi
1337 1688 1460 1727 magnis
1483 1690 1665 1727 sumptibus
1692 1690 1709 1719 a
1736 1701 1809 1722 con-

978 1737 1077 1760 ventu
1094 1731 1191 1759 totius
1207 1730 1338 1759 Achaiae
1361 1730 1426 1759 fieri
1442 1738 1684 1761 consueverant.
1727 1734 1813 1765 Vide

975 1772 1066 1802 Alex
1081 1773 1119 1803 ab
1135 1774 1235 1803 Alex,
1250 1773 1306 1802 lib.
1332 1775 1360 1802 5.
1386 1782 1455 1811 cap.
1477 1774 1506 1802 8.
1553 1773 1712 1804 Fabulam
1739 1777 1810 1814 ejus

976 1816 1160 1853 perstrinxit
1173 1816 1308 1845 Sanctus
1325 1815 1504 1855 Cyprianus
1521 1815 1594 1846 cum
1608 1817 1702 1855 dixit,
1714 1818 1810 1848 Meli-

974 1862 1059 1887 certa
1085 1859 1108 1896 «ξς
1134 1857 1306 1887 Leucothea
1325 1858 1560 1897 praecipitantur
1586 1859 1618 1888 in
1646 1860 1754 1898 maria,
1786 1865 1810 1901 ‘3-

964 1900 1051 1936 fiunt
1062 1901 1252 1939 postmodum
1267 1901 1359 1930 maris
1375 1901 1506 1930 numina.

1017 1942 1138 1973 Perisse
1142 1944 1282 1981 frontem
1294 1944 1330 1973 de
1339 1942 1442 1984 rebus]
1456 1943 1554 1973 Frons
1567 1944 1697 1982 pudoris
1709 1946 1807 1979 sedes.

974 1985 1087 2016 Horat.
1104 1986 1159 2016 lib.
1175 1988 1206 2016 2.
1223 1986 1324 2025 Epist.
1344 1989 1372 2015 1.

1245 2029 1384 2058 Clament
1392 2029 1518 2068 periisse
1534 2030 1680 2068 pudorem

1017 2070 1128 2103 Cuncti
1138 2072 1218 2111 pene
1234 2071 1355 2101 Patres.

1019 2117 1091 2146 104.
1116 2116 1187 2145 Tibi
1208 2118 1288 2144 recto
1310 2115 1409 2145 vivere
1433 2113 1497 2144 talo
1517 2124 1567 2144 ars
1588 2116 1671 2145 dedit
1683 2114 1717 2157 ἒ]
1736 2118 1809 2159 Age

973 2158 1048 2187 vero
1064 2158 1172 2188 Marce
1199 2157 1316 2195 Dama,
1338 2158 1388 2187 dic
1410 2168 1452 2187 an
1475 2157 1615 2188 didiceris
1641 2157 1806 2201 ὅςθοποδέιν,

972 2205 1053 2229 recto
1076 2201 1120 2230 ire
1139 2201 1238 2240 pede.-
1261 2201 1290 2230 id
1308 2208 1366 2238 est,
1382 2200 1463 2230 bene
1479 2210 1569 2240 agere
1590 2202 1623 2230 in
1639 2203 1805 2243 omnibus,

974 2243 1064 2273 nulla
1092 2245 1155 2273 vira
1178 2245 1267 2282 probi
1284 2243 1387 2273 officia
1410 2243 1670 2282 praetermittere?
1701 2245 1805 2277 Meta-

973 2286 1074 2323 phora
1090 2288 1128 2316 ab
1144 2288 1192 2324 iis,
1219 2287 1336 2325 quibus
1360 2287 1454 2325 pedes
1469 2287 1590 2316 obtorti
1608 2293 1664 2317 aut
1687 2287 1805 2330 claudi,

972 2336 1033 2357 nec
1049 2330 1132 2359 recte
1147 2335 1282 2368 possunt
1296 2329 1452 2358 incedere.

973 2369 1088 2402 Horat.
1104 2372 1159 2401 lib.
1177 2373 1208 2400 2.
1226 2372 1327 2410 Epist.
1347 2374 1373 2401 1.
1386 2372 1457 2409 jam
1471 2372 1526 2401 cit.

1014 2414 1141 2444 Securus
1152 2414 1256 2451 eadat,
1272 2424 1311 2443 an
1324 2419 1404 2443 recto
1419 2418 1477 2443 stet
1482 2412 1597 2450 fabula
1611 2413 1686 2444 talo.

1018 2457 1107 2496 Talo]
1132 2458 1202 2487 Pars
1225 2458 1289 2486 ima
1313 2457 1401 2496 pedis
1425 2456 1528 2491 talus,·
1550 2458 1614 2486 sive
1639 2468 1686 2496 os,
1713 2461 1800 2499 quod

965 2499 1063 2536 juxta
1076 2500 1275 2537 calcaneum,
1292 2501 1320 2529 ἃς
1337 2501 1374 2528 ad
1391 2500 1479 2537 pedis
1491 2501 1689 2536 juncturam.

1014 2544 1086 2573 105.
1111 2541 1188 2583 Ars]
1211 2541 1429 2581 Philosophia,
1457 2552 1528 2580 quae
1552 2543 1623 2571 vitae
1640 2545 1798 2585 magistra,

969 2584 1035 2623 lex,
1061 2587 1182 2625 regula,
1209 2585 1325 2623 passim
1350 2590 1498 2623 vocatur,
1523 2585 1551 2614 Sc
1579 2587 1661 2615 recte
1684 2591 1800 2627 agendi

967 2635 1128 2666 praecepta
1143 2628 1297 2657 continet.

1016 2669 1084 2699 Veri
1107 2671 1232 2709 speciem
1256 2670 1430 2710 dignoscere
1450 2667 1560 2711 calles]
1584 2669 1794 2712 Quandoqui-

967 2713 1041 2743 dem
1057 2714 1179 2751 primus
1195 2714 1232 2742 ad
1247 2713 1436 2751 sapientiam
1452 2712 1565 2752 gradus
1591 2720 1639 2743 est
1653 2717 1794 2754 cognitio

967 2755 1106 2792 honesti,
1127 2755 1177 2784 dic
1200 2761 1310 2784 utrum
1327 2755 1449 2793 optime
1469 2756 1554 2785 noris
1567 2756 1741 2786 discernere
1754 2759 1793 2787 si-

966 2797 1182 2828 militudinem
1200 2798 1277 2834 veri,
1288 2798 1425 2835 speciem
1442 2798 1552 2828 falsam
1568 2800 1606 2828 ab
1622 2800 1690 2837 ipso
1705 2808 1791 2838 vero,

963 2840 994 2870 id
1023 2841 1108 2879 quod
1131 2845 1178 2869 est
1202 2841 1387 2878 honestum,
1412 2841 1451 2871 ab
1481 2850 1520 2870 eo
1545 2842 1631 2879 quod
1657 2842 1791 2873 videtur.

964 2882 1049 2912 Nam
1065 2890 1101 2912 ut
1115 2882 1158 2911 ait
1173 2882 1326 2912 Ovidius:

1006 2924 1052 2953 Et
1065 2923 1147 2954 mala
1159 2929 1230 2954 sunt
1245 2925 1347 2954 vicina
1361 2925 1445 2955 bom's
1454 2936 1469 2960 ‚-
1489 2934 1586 2954 errore
1603 2926 1656 2953 sub
1669 2925 1740 2966 illo,

1131 2967 1192 2996 Pro
1203 2968 1276 2997 vitio
1290 2968 1385 2998 virtus
1396 2968 1521 2997 crimina
1535 2966 1611 3007 saepe
1626 2968 1709 3000 tulit.

961 3009 1004 3041 Et
1019 3009 1132 3038 Horat.
1147 3010 1185 3039 ad
1198 3010 1336 3040 Pisones.

1136 3051 1318 3093 ›Decipimur
1329 3053 1425 3094 specie
1437 3052 1520 3081 recti.
