1948 3281
665 95 851 140 PERSII
883 91 1100 139 SATIRA
1128 93 1186 137 V.

73 190 307 235 Pelliculam
329 196 503 232 veterem
527 187 688 237 retines,
715 188 754 229 ὅτ
775 187 907 228 fronte
928 184 1079 241 politus

73 251 267 291 Astutam
292 247 436 303 vapido
459 261 587 288 servas
609 245 685 286 sub
710 254 869 299 pectore
891 243 1081 298 vulpem3

74 307 182 363 Quae
206 306 390 346 dederam
415 305 552 359 supra,
576 313 729 358 repeto,
752 302 978 356 funemque
1000 301 1164 342 reduco.

74 363 148 406 Nil
174 363 243 404 ti'oi
267 362 470 403 concessit
492 361 590 402 ratio
611 377 621 401 :
656 360 832 414 digitum
853 373 983 408 exere,
1006 371 1164 412 peccaS,

1699 96 1787 139 329

1278 182 1306 212 si
1320 191 1478 213 conservas
1499 183 1605 215 adhuc
1620 190 1718 216 cutem
1736 198 1790 217 an-

1277 225 1406 264 tiquam,
1431 226 1549 265 &facie
1564 229 1703 259 excultus
1717 230 1795 260 reti-

1278 278 1333 298 nes
1355 267 1544 307 vulpeculam
1573 271 1706 301 dolosam
1739 273 1795 302 sub

1279 312 1369 341 corde
1385 316 1548 351 corrupto5
1572 324 1630 352 ego
1657 315 1673 342 a
1699 321 1731 344 te
1747 325 1797 344 re-

1276 364 1366 393 posco
1395 365 1433 384 ea
1454 364 1519 393 quoe
1549 364 1616 384 mox
1646 357 1797 387 attribue-

74 422 129 462 Et
159 420 258 475 quid
299 430 378 460 tam
418 433 585 474 parvum
620 420 709 458 est?
761 416 840 457 Sed
876 415 989 457 nullo
1021 416 1138 455 thure
1173 411 1266 453 lita·
1281 398 1363 436 ‘’¹¹⁷⁷'’
1397 399 1419 435 ἐς
1447 397 1629 434 Jumculum
1664 399 1798 430 “²¹²“7m‘

248 475 324 528 bis,

76 533 245 575 Hoerefit
270 534 311 575 in
334 534 465 575 stultis
489 531 616 574 brevis
639 539 683 572 ut
707 530 918 572 semuncia
940 528 1052 570 recti.

76 591 185 631 Haec
208 592 378 632 miscere
404 591 514 631 nefas
535 608 545 641 ;
578 605 653 630 nec
677 589 776 629 cum
800 590 854 628 sis
877 598 1022 628 caetcra
1043 586 1190 634 fossor,

77 648 176 688 Tres
201 649 360 689 tainum
383 649 431 689 ad
457 661 647 689 numeros
670 645 801 701 Satyri
822 659 1006 686 moveare
1028 642 1222 697 Bathylli.

1282 440 1441 478 Sapientia
1466 438 1543 469 nihil
1567 440 1621 469 tibi
1648 443 1796 471 contulit.-

1190 468 1269 510 120
1284 484 1309 513 si
1325 485 1374 513 vel
1390 483 1520 523 digitum
1544 483 1694 521 extendis,
1709 484 1800 521 sacis

1279 530 1452 566 peccatum.
1499 525 1581 558 Quid
1602 526 1671 555 reri»
1692 530 1735 555 est
1752 527 1800 556 ita

1285 570 1428 609 eoeiguum
1441 569 1455 598 ,ἔ
1484 567 1527 598 At
1545 569 1623 598 omni
1640 567 1725 598 thure.
1742 579 1800 599 non

1286 612 1444 650 obtinebis,
1472 615 1506 642 ut
1531 611 1656 641 dimidia
1680 611 1802 641 virtutis

1286 655 1376 684 uncia
1393 658 1515 684 mancat
1531 655 1562 683 in
1579 654 1703 683 insanis.
1727 654 1801 684 Non

80 705 151 734 licet
163 716 197 734 ea
212 708 397 746 conjungere
409 717 418 733 .·
444 709 465 744 {5
481 704 722 744 quandoquidem
735 703 841 742 fueris
853 701 1090 742 alioquijbssor,
1110 710 1147 730 ue
1162 699 1282 739 quidem
1303 698 1345 728 ad
1370 701 1429 727 tres
1446 698 1599 727 duntaxat
1622 697 1722 727 modos
1738 697 1801 728 Ba-

80 746 169 786 thylli
184 750 281 778 Satira·
297 751 353 779 rite
368 748 539 778 saltaveris.

869 825 998 832 ——-

127 908 198 938 116.
226 907 405 937 Pelticulam
420 910 550 937 veterem
572 905 699 944 retines]
738 905 859 944 Mores,
882 909 920 934 ut

85 952 176 989 olim,
203 952 363 989 improbos
387 951 525 980 necdum
548 950 678 980 exuisti.
722 949 787 978 Vel
807 948 920 978 alludit

84 995 124 1023 ad
140 1000 302 1032 serpentes
317 994 431 1033 pellem
448 1003 520 1022 vere
533 1003 617 1023 novo
629 992 844 1030 deponentes:
870 991 921 1020 vel

86 1037 125 1066 ad
142 1031 312 1075 AEthiopes
327 1038 466 1066 colorem
485 1046 549 1066 non
567 1041 741 1065 mutantes.

128 1079 246 1108 Fronte
261 1079 386 1117 politus]
411 1080 553 1108 Externa
578 1078 712 1118 quidem
737 1077 844 1116 specie
866 1077 922 1107 bo-

89 1132 163 1160 nus,
180 1122 358 1159 modestus,
374 1124 540 1159 honestus,
556 1122 665 1151 comis.

132 1167 203 1195 117.
225 1166 369 1195 Astutam
384 1164 516 1203 vulpem]
543 1165 674 1194 Pravam
693 1162 835 1192 indolem
857 1172 921 1192 ser-

89 1218 143 1238 vas
168 1219 203 1238 ac
231 1209 358 1246 retines,
383 1209 466 1237 vafer
483 1214 518 1238 ut
532 1209 616 1244 ante,
634 1206 820 1244 versipellis,
836 1205 924 1235 dolo-

88 1252 260 1281 sussimilis
276 1251 379 1289 vulpi,
403 1252 457 1280 cui
479 1251 606 1288 astutia,
630 1255 666 1280 ut
689 1248 819 1279 audacia
836 1248 926 1278 leoni

90 1295 285 1324 attribuitur.

93 1337 203 1367 Horat.
220 1337 259 1367 ad
276 1337 414 1366 Pisones.

131 1379 299 1418 Nunquam
314 1379 472 1416 refallant
488 1378 583 1408 animi
595 1378 649 1408 sub
664 1378 753 1418 vulpe
769 1376 911 1407 latentes.

138 1422 253 1462 Vapiclo
268 1422 321 1451 sub
332 1421 468 1461 pectore]
503 1422 696 1460 Metaphora
720 1422 738 1451 a
765 1421 838 1450 vino
860 1430 926 1450 cor-

93 1472 203 1504 rupto,
232 1465 318 1504 quod
345 1476 448 1504 vappa
472 1465 600 1502 dicitur,
626 1467 718 1503 cujus
743 1465 770 1493 &
796 1472 928 1501 vapores

93 1509 165 1538 tetri
194 1509 222 1537 ἀ
260 1509 422 1548 graviores.
467 1509 636 1547 Perperam
667 1508 768 1546 aliqui
802 1507 927 1546 legunt,

89 1551 216 1590 pavido.

141 1596 150 1623 l
165 1595 211 1624 18.
239 1593 312 1627 Quoe
328 1595 465 1624 dederam
479 1591 588 1634 suprd]
618 1592 780 1623 Nimirum
795 1598 833 1622 ut
847 1601 929 1621 esses

93 1636 173 1667 liber
185 1647 222 1666 ac
235 1639 370 1675 sapiens.
416 1637 495 1667 Haec
508 1638 594 1667 enirn
610 1636 736 1667 nonnisi
750 1636 810 1665 sub
822 1635 929 1665 condi-

95 1680 187 1710 tione
202 1680 259 1709 tibi
274 1680 435 1719 largiebar.

139 1721 273 1762 Repeto]
306 1723 414 1753 Placet
439 1723 615 1762 nonnullis,
637 1720 749 1762 relego,
776 1729 930 1760 quorsum

96 1766 187 1803 vero,
201 1765 288 1795 haud
305 1770 403 1804 patet.

140 1808 313 1846 Funemque
328 1807 450 1847 reduco]
474 1808 628 1838 Allusum
644 1807 763 1837 volunt
782 1805 822 1836 ad
844 1804 931 1835 Grae-

98 1860 210 1881 corum
227 1851 383 1889 puerilem
395 1851 512 1880 ludum
527 1852 634 1882 nescio
648 1859 760 1889 quem,
776 1858 830 1887 per
846 1847 931 1878 funi-

98 1893 247 1924 culorum
277 1895 492 1923 intentionem
519 1895 547 1923 δι
572 1893 806 1928 attractionem,
831 1892 932 1921 Arist.

101 1935 250 1976 σκαρτὶων
263 1936 417 1966 ἀνάτασιν,
463 1937 526 1966 Sed
542 1937 619 1976 quid
635 1934 734 1974 opus?
759 1933 935 1974 σκαπίρδαν,

95 1977 278 2017 ἐλιυςίνδαν,
297 1978 498 2014 &celantiam
520 1981 740 2018 relinquamus
758 1977 936 2017 Hesychio,

100 2021 284 2059 Eustathio,
315 2025 344 2052 δε
372 2022 464 2053 Julio
494 2023 631 2059 Polluci,
659 2022 713 2051 lib.
743 2021 774 2050 9.
805 2030 875 2058 cap.
906 2023 935 2051 7.

102 2064 207 2103 Magis
235 2065 272 2093 :id
298 2075 378 2102 rem,
402 2072 438 2095 ut
461 2066 600 2103 videtur,
622 2063 812 2100 dixerimus,
840 2065 868 2092 δε
898 2063 936 2093 ad

101 2112 248 2136 mentem
274 2107 370 2136 Persii
394 2111 432 2136 eo
456 2109 612 2147 proprius,
643 2116 710 2146 quo
738 2106 935 2145 simplicius:

104 2148 218 2179 funem
231 2150 401 2188 servitutis,
417 2159 517 2188 quem
531 2151 656 2180 videbar
678 2149 847 2186 exemisse,
872 2159 938 2178 rur-

105 2191 176 2221 sum
192 2192 322 2230 injici03
341 2196 380 2222 ut
393 2192 492 2231 prim,
506 2194 665 2222 innexum
680 2192 793 2229 trah03
811 2201 939 2222 servum

106 2239 140 2264 te
164 2235 192 2264 δε
221 2234 362 2265 Damam
389 2236 578 2273 pronuntio.
624 2236 696 2264 Aut
727 2234 812 2263 certe
840 2240 941 2264 meta-

107 2277 209 2316 phora
221 2284 267 2307 est
283 2278 300 2306 a
315 2278 423 2307 bestiis
439 2278 487 2307 vel
501 2279 597 2307 etiam
613 2276 756 2313 aviculiS,
771 2286 850 2314 quas
866 2286 943 2307 cum

106 2318 262 2358 aufugere
287 2322 313 2349 Sc
339 2321 462 2350 avolare
484 2325 611 2350 tentant
627 2319 725 2358 paulo
740 2318 878 2358 longius,
892 2320 943 2350 fu-

110 2363 221 2392 niculo
237 2364 370 2393 innexas
388 2372 582 2393 revocamus.

107 2404 224 2435 Horat.
255 2406 311 2436 lib.
338 2409 365 2435 1.
399 2405 503 2445 Epist.
532 2408 579 2437 10.
620 2404 794 2444 pecuniam
830 2405 944 2436 servire

113 2454 258 2487 oportere
273 2449 316 2478 sic
330 2449 426 2479 edicit
439 2460 445 2477 :

155 2490 277 2520 Turtam
300 2491 393 2532 digna
409 2491 493 2530 sequi
510 2490 626 2530 potius,
647 2490 738 2530 qudm
762 2490 869 2520 ducere
881 2490 944 2527 fu-

245 2543 323 2565 nem.

158 2575 233 2605 119.
256 2576 314 2606 Nil
327 2576 384 2607 tibi
396 2577 542 2606 concessit
557 2572 654 2616 ratio]
683 2574 845 2614 Sapientia
868 2576 948 2606 nibil

116 2618 176 2647 tibi
190 2618 230 2648 de
245 2628 279 2648 se
300 2627 357 2649 aut
377 2620 417 2648 de
442 2629 501 2649 suo
523 2618 691 2655 concessit,
707 2623 746 2647 ut
762 2628 804 2648 ex
828 2620 948 2648 ratione

115 2669 223 2708 posses
234 2670 342 2701 agere,
361 2662 559 2701 proindeque
570 2661 653 2691 male
665 2662 690 2690 Sc
706 2662 871 2701 perperam
884 2662 949 2701 agis

117 2712 236 2733 omma.

160 2745 304 2785 Digitum
337 2757 437 2785 exere,
469 2747 594 2787 peccas]
630 2747 804 2777 Levissima
829 2747 948 2785 quaevis

120 2789 204 2818 actio
232 2795 288 2818 tua
321 2796 487 2827 peccatum
519 2796 578 2828 est,
617 2791 643 2819 ἀ
679 2798 772 2828 grave
805 2789 948 2828 quidem.

119 2829 271 2901 ssEqualia
301 2832 422 2871 quippe
451 2841 530 2864 sunt
559 2838 691 2872 peccata
719 2832 829 2862 omnia
864 2832 950 2870 apud

121 2878 253 2902 »tolcoffl

164 2915 307 2954 Digitum
330 2917 431 2955 exere]
466 2918 604 2958 Epictet.
630 2917 792 2947 Euchirid.
826 2915 879 2946 Vel
904 2917 952 2946 di-

119 2958 218 2998 gitum
245 2963 366 2988 vetatur
391 2962 513 2990 extendi
539 2961 660 2991 temere.
707 2959 782 2992 Quo
809 2958 883 2988 sane
907 2969 950 2989 re-

123 3001 232 3038 spexit
247 3001 383 3039 Persius,
400 3004 428 3032 &
442 3005 513 3033 satis
529 3010 702 3034 contextus
717 3003 826 3041 probat
841 3003 869 3031 &
882 3011 952 3031 sen-

124 3050 202 3081 sus,
226 3051 264 3073 ut
285 3045 379 3074 mirer
393 3053 460 3075 non
474 3056 605 3084 paucos,
629 3051 700 3085 post
712 3050 834 3074 veteres
849 3044 954 3074 Gloss.

127 3087 305 3117 excurrisse
331 3087 370 3118 ad
399 3088 606 3128 gladiatorum
632 3097 770 3127 morem,
793 3088 852 3128 qui
879 3087 955 3119 victi

962 906 1089 935 veniam
1119 905 1136 933 a
1162 904 1284 944 populo
1311 902 1534 942 precabantur,
1560 901 1699 941 digitum
1727 910 1803 931 exe-

964 949 1072 979 rendo.
1117 948 1260 986 Dicitum
1275 955 1373 981 exere,
1389 945 1417 974 id
1435 951 1494 982 est,
1517 943 1617 974 fatere
1633 951 1663 973 te
1679 945 1804 975 victum

963 992 980 1020 ἐι
996 992 1092 1030 vitiis,
1108 986 1262 1029 inquiunt
1278 989 1323 1018 illi
1340 989 1531 1026 Interpretes
1550 987 1621 1025 plus
1647 997 1742 1025 aequo
1758 997 1804 1016 sa·

965 1044 1065 1074 gaces.
1111 1036 1157 1064 At
1184 1042 1254 1072 quae
1284 1035 1363 1062 esset
1384 1031 1584 1067 consecutio,
1609 1030 1697 1069 quod
1720 1030 1806 1060 addit

967 1078 1101 1114 Persius,
1114 1075 1247 1115 peccas?
1272 1075 1396 1105 Verum
1413 1074 1530 1112 quibus
1553 1074 1692 1103 insanire
1716 1072 1806 1111 libet,

967 1121 1015 1150 his
1034 1123 1062 1149 δε
1081 1121 1186 1150 liceat.

1016 1164 1084 1193 120.
1117 1163 1162 1192 Et
1192 1161 1266 1201 quid
1293 1165 1356 1190 tam
1379 1169 1509 1198 parvum
1520 1157 1551 1197 ἓ]
1589 1159 1733 1198 Reponit
1758 1158 1807 1188 M.

967 1205 1096 1243 Dama3
1120 1208 1205 1236 itane
1222 1205 1295 1234 vero
1320 1211 1500 1242 peccarem,
1523 1207 1590 1231 tam
1614 1202 1753 1240 simplici
1776 1203 1807 1232 δε

969 1250 1031 1278 levi
1046 1248 1193 1278 actione?

1011 1291 1072 1321 Sed
1087 1291 1170 1321 nullo
1184 1290 1270 1320 thure
1285 1287 1403 1326 litabis]
1438 1287 1486 1318 Ita
1510 1292 1570 1325 est,
1595 1291 1633 1317 ut
1654 1287 1736 1326 dixi,
1760 1288 1809 1319 in-

970 1336 1041 1374 quit
1059 1336 1203 1364 Stoicus:
1229 1343 1289 1364 nee
1314 1332 1405 1362 omni
1421 1331 1529 1368 thure,
1550 1331 1633 1360 votis
1656 1331 1808 1361 omnibus

968 1387 1006 1407 ac
1022 1378 1176 1408 sacrificiis
1192 1378 1361 1416 impetrare
1384 1383 1503 1412 posseS,
1530 1379 1567 1403 ut
1587 1374 1679 1404 aliter
1702 1382 1736 1403 se
1761 1383 1809 1404 res

970 1421 1086 1451 habeat
1101 1432 1108 1450 ε
1136 1426 1250 1459 utque,
1268 1421 1325 1448 Sec.
1342 1417 1425 1446 infra
1438 1426 1527 1446 mox.

1014 1462 1152 1504 Litabis]
1176 1463 1259 1492 Vide
1275 1462 1342 1491 Sat.
1357 1461 1387 1490 2.
1405 1470 1435 1490 v.
1451 1460 1577 1489 ultimo.

1017 1508 1086 1536 121.
1114 1507 1237 1535 h'aereat
1252 1505 1283 1534 in
1298 1502 1414 1540 stultis,
1431 1502 1496 1540 ἧκε]
1522 1501 1564 1531 Ut
1588 1502 1646 1541 qui
1673 1511 1738 1532 non
1763 1512 1810 1532 sa-

971 1548 1020 1587 pit
1049 1549 1196 1586 omnino,
1225 1549 1275 1578 vel
1303 1546 1473 1576 minimam
1503 1545 1618 1575 habeat
1644 1546 1809 1584 sapientiae

970 1592 1165 1630 virtutisque
1194 1590 1394 1631 particulam.
1452 1588 1550 1625 Nam,
1589 1588 1735 1627 quisquis
1764 1598 1813 1618 sa-

973 1635 1065 1673 piens
1082 1645 1148 1665 non
1165 1641 1224 1671 est,
1250 1633 1368 1663 stultus
1393 1635 1461 1661 est:
1487 1632 1515 1659 ἃ
1539 1630 1674 1660 virtutes
1698 1640 1812 1661 omnes

973 1677 1054 1707 adeo
1068 1686 1144 1707 sunt
1169 1685 1339 1713 connexae,
1363 1678 1402 1704 ut
1423 1679 1480 1703 aut
1495 1673 1611 1703 habeas
1626 1683 1741 1703 omnes
1758 1684 1812 1703 ne-

974 1729 1059 1750 cesse
1074 1721 1125 1754 sit,
1141 1725 1200 1749 aut
1212 1719 1350 1756 nullam,
1372 1716 1438 1746 duo
1463 1717 1646 1747 Stoicorum
1663 1717 1813 1755 dogmata

974 1768 1064 1798 sunt,
1083 1764 1186 1793 Laert.

1023 1807 1091 1836 122.
1118 1806 1193 1834 Haec
1207 1804 1330 1833 miscere
1346 1801 1450 1840 nefas]
1468 1801 1591 1831 Servire
1608 1802 1702 1839 vitiis,
1717 1803 1814 1833 simul

977 1850 1004 1878 Sc
1021 1849 1119 1878 animi
1137 1848 1282 1878 libertate
1296 1847 1370 1883 frui,
1386 1845 1475 1874 nefas
1492 1850 1549 1874 est.
1596 1845 1767 1883 Sapientia:
1784 1847 1812 1876 &

977 1892 1117 1921 stultitiae
1134 1891 1331 1920 consortium
1343 1888 1486 1917 nullum.
1533 1887 1638 1916 Stulte
1653 1887 1730 1917 facis
1745 1897 1815 1918 om-

978 1935 1042 1972 nia,
1071 1936 1097 1964 si
1123 1943 1190 1964 non
1213 1933 1385 1971 sapienter.
1431 1930 1466 1959 Si
1493 1931 1588 1967 sapis,
1612 1930 1691 1959 liber
1717 1940 1765 1960 es:
1790 1932 1816 1961 si

979 1978 1096 2007 stultus
1124 1986 1169 2013 ες,
1196 1976 1254 2006 eris
1277 1976 1372 2004 etiarn
1397 1973 1554 2003 continuo
1571 1981 1692 2001 servus.
1736 1973 1817 2004 Haec

980 2021 1088 2050 omnia
1115 2019 1221 2050 Stoice
1247 2017 1433 2048 admodum.
1477 2015 1559 2044 Vide
1574 2015 1662 2045 Tull.
1680 2015 1713 2045 in
1730 2026 1818 2055 para-

981 2063 1057 2092 dox.

1024 2105 1092 2135 Nec
1118 2115 1184 2134 cum
1205 2104 1246 2133 sis
1270 2104 1380 2133 caeterd
1392 2102 1512 2140 fossor,
1528 2101 1595 2140 ξω]
1620 2101 1761 2131 Illustrat
1789 2102 1818 2132 δε

983 2149 1151 2178 confirmat
1168 2148 1185 2176 a
1198 2148 1306 2177 simili.

1029 2191 1103 2221 Cum
1117 2192 1160 2220 sis
1164 2190 1285 2228 fossor]
1306 2189 1387 2219 Tam
1404 2187 1500 2227 longe
1523 2187 1596 2216 abes
1622 2187 1639 2216 a
1663 2186 1821 2225 sapientia

985 2234 1013 2264 δι
1033 2244 1104 2264 vera
1119 2234 1276 2270 libertate,
1291 2233 1389 2271 quam
1416 2231 1500 2260 rudis
1524 2229 1552 2259 δε
1574 2229 1822 2266 rusticusfossor

985 2278 1090 2307 ascita
1103 2277 1292 2314 saltatione3
1312 2275 1432 2313 fossor,
1455 2274 1604 2311 inquam,
1626 2278 1712 2302 teri-ze
1740 2272 1822 2302 fodi-

987 2320 1090 2357 endae,
1116 2319 1326 2357 colendaeque
1350 2316 1416 2346 tota
1438 2316 1501 2345 vita
1517 2315 1672 2353 addictus,
1697 2315 1821 2345 nullius

989 2363 1032 2392 rei
1048 2363 1245 2401 caeteroquin
1264 2362 1395 2399 peritus.

1032 2407 1104 2435 123.
1132 2405 1202 2434 Tres
1217 2403 1337 2433 tantum
1351 2403 1393 2432 ad
1408 2400 1555 2438 numeros]
1595 2400 1629 2429 Si
1643 2399 1740 2430 fueris
1755 2405 1822 2431 stu-

988 2448 1080 2487 pidus
1095 2447 1243 2488 agricola,
1270 2456 1335 2476 non
1351 2445 1448 2475 modo
1470 2442 1608 2483 perfecte
1628 2444 1739 2473 saltare
1755 2450 1823 2474 non

987 2492 1120 2530 poteris,
1137 2490 1191 2520 sed
1208 2499 1268 2519 nec
1283 2489 1361 2518 duas
1377 2493 1433 2518 aut
1454 2494 1514 2517 tres
1540 2486 1661 2525 pedum
1685 2486 1762 2516 scite
1778 2487 1824 2517 di-

989 2536 1172 2564 mensiones
1189 2530 1362 2570 exequere,
1385 2532 1511 2569 quippe
1528 2529 1757 2559 modulationis
1777 2530 1823 2569 ig-

991 2586 1098 2615 narus,
1122 2576 1256 2606 Musicae
1282 2574 1395 2603 modos
1415 2583 1451 2603 ac
1467 2581 1619 2602 numeros
1639 2573 1696 2611 qui
1718 2582 1825 2611 posses

992 2619 1234 2659 gesticulatione
1247 2617 1274 2645 δε
1288 2616 1458 2645 saltatione
1473 2614 1616 2644 aemulari
1632 2615 1660 2644 δε
1678 2615 1799 2655 exequi
1813 2625 1824 2652 3

993 2661 1080 2700 quod
1097 2661 1153 2698 vix
1163 2670 1205 2690 ex
1220 2663 1286 2689 arte
1298 2658 1374 2688 facit
1389 2659 1418 2687 8<
1445 2657 1581 2697 perfecte
1594 2658 1667 2687 artis
1682 2660 1802 2696 peritus
1815 2656 1827 2686 ?

995 2705 1047 2733 Sic
1077 2704 1184 2742 igitur,
1212 2703 1286 2732 cum
1314 2701 1478 2740 sapientiae
1506 2700 1587 2730 nihil
1611 2700 1739 2737 habeas,
1767 2709 1826 2730 nec

991 2755 1119 2776 movere
1135 2745 1270 2784 digitum
1284 2745 1444 2783 sapienter
1459 2744 1486 2774 δι
1503 2752 1545 2772 ex
1562 2744 1681 2773 ratione
1696 2750 1795 2781 potes.

1035 2789 1087 2818 Ad
1110 2787 1256 2825 numeros]
1286 2785 1414 2816 Tullius
1431 2785 1582 2816 Paradox.
1600 2787 1632 2816 3.
1669 2785 1788 2814 Histrio
1802 2783 1831 2813 si

989 2832 1083 2870 paulo
1094 2841 1125 2859 se
1140 2830 1230 2859 nrt-it
1246 2832 1334 2858 extra
1347 2838 1513 2866 numerum,
1538 2832 1592 2858 aut
1605 2828 1632 2857 si
1646 2836 1747 2856 versus
1754 2836 1827 2864 pro-

994 2877 1153 2902 nunciatus
1169 2877 1214 2901 est
1227 2871 1348 2910 Syllani
1360 2871 1421 2901 und
1436 2872 1552 2902 brevior
1565 2874 1617 2899 aut
1631 2869 1762 2909 longior,
1771 2879 1828 2897 ez·-

995 2916 1170 2953 sibilator&
1185 2914 1381 2953 exploditur:
1404 2915 1437 2943 in
1460 2915 1536 2951 vita,
1553 2923 1618 2951 quoe
1639 2911 1720 2940 omni
1737 2915 1830 2950 gestu

996 2958 1188 2995 moderatior,
1210 2958 1290 2986 omui
1312 2967 1397 2987 versu
1422 2957 1526 2995 aptior
1545 2965 1607 2983 esse
1622 2954 1720 2991 debet,
1742 2957 1776 2983 ut
1798 2954 1831 2983 in

995 3001 1130 3040 syllaba,
1151 3003 1180 3029 te
1191 3010 1318 3039 peccare
1334 3000 1412 3030 dices
1424 2998 1439 3028 .⁷
1463 2999 1590 3028 poetam
1610 3006 1669 3025 non
1691 2996 1782 3026 audio
1797 2997 1832 3026 in

997 3044 1108 3083 nugi&
1130 3042 1162 3072 in
1184 3044 1252 3072 vitae
1276 3043 1420 3072 societate
1446 3041 1570 3069 audiam
1594 3039 1701 3077 civem,
1724 3038 1834 3080 digitis

991 3085 1123 3126 peccata
1138 3085 1341 3117 dimetientem
1354 3094 1410 3115 sua
1421 3083 1437 3112 .²
1462 3083 1520 3113 διο.
