1948 3281
675 108 863 150 PERSII
896 106 1119 151 SATIRA
1150 110 1211 151 ΙΙ.

87 203 142 245 Et
164 210 302 244 tamen
324 199 393 242 hic
415 198 536 251 extis,
570 199 611 241 δε
632 199 774 256 opimo
797 198 957 241 vincere
979 199 1083 241 farto

86 260 299 311 Intendit„
344 259 439 301 Jam
464 258 608 299 crescit
629 272 737 314 ager,
755 257 843 313 jam
865 257 1008 299 crescit
1030 257 1135 299 ovile
1154 273 1164 298 :

1735 111 1818 154 289

1296 199 1399 241 Atque
1425 201 1477 231 ille
1500 201 1694 232 nihilominzzs
1709 207 1813 241 sperat

1295 245 1393 274 victor
1420 255 1482 274 esce
1509 256 1564 284 per
1592 246 1751 285 intestina,
1787 248 1809 284 ξς

1290 287 1408 328 pingue
1446 287 1549 318 libum.
1609 288 1702 318 Nunc
1736 300 1813 327 ager

83 319 178 360 Jam
194 317 371 366 dabitur,
389 315 563 372 jamjam
584 332 594 367 3
629 316 760 356 donec
776 315 985 370 deceptus,
1007 315 1047 357 Sc
1061 329 1205 371 exspes
1227 315 1510 360 50incrememwu
1533 332 1631 369 capit,
1654 341 1731 360 mmo
1747 332 1809 361 ωε-

84 375 380 430 Nequicquam
401 375 533 415 fundo
557 373 731 428 suspiret
753 387 953 414 nummus
976 374 1018 414 in
1042 374 1144 414 imo.

83 433 129 476 Si
153 433 225 474 tibi
249 435 423 473 crateras
446 431 617 488 argenti,
651 431 874 487 incusaque
897 430 1039 488 pingui

83 492 203 534 Auro
227 491 335 531 dona
356 490 500 540 feram,
534 490 654 530 sudes
673 506 685 541 ς
722 488 761 530 &
783 498 944 544 pectore
964 489 1068 530 laevo

82 547 280 591 Excutias
303 557 466 604 guttas:
502 547 628 589 laetari
651 546 940 602 praetrepiclum
964 561 1061 588 cor:

84 607 202 650 Hinc
227 606 326 647 illud
350 605 489 657 subiit,
523 619 621 646 auro
644 618 774 645 sacras
795 604 906 660 quod
929 614 1050 646 ovato

501 664 615 704 Nam
638 662 776 703 fratres
798 661 904 703 inter
925 663 1094 713 ahenos,

84 722 257 765 Somnia
281 721 428 777 pituita
450 720 520 777 qui
550 719 839 775 purgatissima
859 720 1049 770 mittunt,

85 779 287 836 Praecipui
311 789 433 821 sunto
453 794 463 819 t
499 778 633 834 sitque
654 776 732 818 illis
755 791 872 818 aurea
893 776 1030 818 barba.

86 664 278 707 Perducis
301 663 442 705 facies.

81 840 249 881 Aurum
273 851 364 879 vasa
386 837 560 886 Numae,
586 835 855 890 Saturniaque
873 835 928 876 im

81 896 352 951 Vestalesque
374 908 510 945 urnaS‚
537 893 576 934 δε
591 894 776 935 Tuscum
802 892 925 934 fictile

83 955 123 996 O
147 969 282 996 curvae
305 967 347 993 in
372 961 489 993 terras
513 950 678 1002 animae,
715 952 754 991 ὃς
775 950 1008 992 coelestium
1032 951 1172 993 inanes
1193 950 1201 991 ἔ

1294 383 1343 403 um
1364 384 1444 415 grex·
1463 379 1617 414 augetur:
1641 375 1734 412 mox‘ii,
1768 376 1812 404 ait

1295 418 1512 456 ille,protinzis
1527 418 1707 446 concedetur
1721 417 1808 456 quod

1295 468 1373 499 opto
1386 472 1395 498 ς
1419 471 1512 500 usque
1529 461 1596 489 <lum
1610 469 1744 490 nummus
1758 461 1808 489 de-

1284 503 1485 540 ιἶνιιιιιίαίιιε>χε
1509 505 1531 541 ‘S'
1556 504 1622 532 sine
1645 512 1697 541 spe
1723 504 1810 542 inge—

1294 546 1537 584 miscatfivstrci
1555 547 1584 575 in
1613 546 1715 583 iqsi'mo
1732 556 1808 576 urcoe

1225 590 1401 645 5-fu7ula
1447 591 1478 618 Si
1498 590 1624 629 offeram
1651 589 1707 617 tibi
1718 593 1808 628 pate-

1255 621 1277 645 o
1293 643 1345 662 ras
1370 637 1543 673 erigentem,
1575 635 1598 670 ‹S-
1621 642 1745 662 munera
1770 642 1808 662 ea:

1294 686 1368 705 auro
1383 676 1479 706 solido
1492 677 1671 713 sidric-ata,
1688 684 1722 705 ’.ιι
1740 683 1808 706 sta-

1295 721 1352 749 tim
1370 721 1507 749 sudorem
1532 720 1655 749 emittas
1670 721 1693 757 ᾇ
1708 718 1808 749 stillas

1293 763 1439 801 effundas
1465 763 1480 791 e
1512 763 1634 792 thorace
1659 763 1783 792 sinistro
1797 773 1807 790 .-

1290 807 1460 845 proecordc'a
1479 812 1533 835 tua
1547 805 1738 846 palpitantia
1755 816 1809 835 ez·-

1293 849 1395 879 ultare
1411 850 1584 889 incipiant:
1610 849 1680 879 inde
1693 848 1748 878 λοι·
1760 860 1810 879 ve-

1226 893 1282 936 60
1294 893 1341 922 nit
1355 894 1434 932 quod
1446 893 1596 922 incrustas
1607 896 1730 921 sanctos
1741 893 1808 923 De-

1293 946 1387 965 orum
1404 935 1506 965 rullus
1522 946 1594 965 auro
1611 935 1810 975 triumphato·

1293 979 1419 1008 Etenim
1452 980 1534 1008 inter
1557 988 1717 1019 germanos
1753 990 1810 1008 oere

934 834 1038 890 pulit
1059 850 1152 887 aera,

947 901 1094 935 mutat.

84 1011 197 1055 Ouid
214 1010 333 1066 juvat
355 1010 451 1060 hoc,
484 1009 648 1064 templis
672 1019 834 1050 nostros
857 1008 1078 1050 immittere
1100 1025 1250 1062 mores,
1282 1022 1388 1060 fusos,
1411 1022 1444 1052 Ιιι·
1464 1022 1650 1060 przferendi
1672 1022 1735 1051 sint
1756 1023 1809 1060 <sui

80 1056 134 1111 fft
158 1068 266 1109 bona
282 1066 376 1109 Diis
399 1082 448 1108 ex
470 1067 546 1107 hac
571 1066 760 1107 scelerata
781 1066 928 1107 ducere

1296 1065 1463 1095 immittunt
1500 1065 1647 1094 insomnia
1688 1065 1809 1104 pituita

1299 1109 1430 1138 maxime
1454 1109 1609 1147 defaecata
1623 1119 1635 1143 ;
1659 1110 1681 1146 ‘S'
1697 1107 1743 1137 liis
1759 1110 1810 1137 ‹le-

950 1067 1104 1123 pulpa?

80 1156 131 1181 tur
147 1151 239 1181 barba
255 1159 293 1179 ex
308 1159 392 1178 auro.
436 1148 553 1177 Aurum
569 1147 687 1186 expulit
710 1147 835 1177 vascula
851 1147 974 1187 Numoe,
997 1159 1110 1178 necnon
1135 1159 1234 1180 cenea-s
1254 1149 1383 1181 Saturni
1397 1159 1541 1190 crateras,
1566 1155 1658 1189 utque
1671 1152 1810 1181 immutat

81 1194 245 1234 capedines
262 1191 369 1230 Vestoe,
393 1201 431 1221 ac
445 1195 540 1221 testas
552 1191 697 1220 Etrzzriae.

749 1190 776 1219 Ο
790 1195 904 1220 mentes
923 1202 1030 1230 prome
1044 1193 1075 1221 in
1093 1197 1215 1231 terram,
1237 1195 1260 1232 ἐς
1274 1205 1377 1225 vacuce
1390 1206 1487 1225 rerum
1504 1195 1584 1225 Coelz'
1596 1194 1607 1214 ⁷
1645 1194 1728 1227 Quid
1736 1204 1810 1233 pro·

82 1239 148 1268 dest
163 1237 250 1273 illud,
273 1236 415 1265 inducere
430 1244 525 1264 mores
540 1239 656 1263 nostros
671 1234 782 1263 aedibus
795 1234 903 1274 sacris,
926 1237 949 1273 ξς
957 1234 1103 1273 judicare
1118 1237 1255 1275 quaedam
1275 1247 1338 1268 esse
1356 1243 1453 1279 grata
1467 1238 1666 1277 Numinibus,
1693 1248 1732 1268 ez·
1747 1238 1809 1267 ista

82 1286 187 1312 nostra
201 1289 289 1310 carne
305 1279 438 1308 delicata
453 1278 574 1308 sceleris
583 1277 679 1317 plena
693 1276 708 1306 .⁷

85 1445 160 1473 sus3
185 1433 305 1464 Plinius
332 1436 446 1461 autem
474 1430 526 1460 lib.
547 1431 597 1460 11.
623 1439 694 1468 cap.
709 1429 762 1460 537.
785 1430 829 1459 ait
855 1439 924 1460 esse

84 1478 287 1508 membranas
314 1482 441 1512 tenues,
465 1484 536 1513 quae
563 1479 710 1504 ventrem
738 1473 922 1504 interiorem

84 1522 249 1560 integunt.

129 1561 330 1603 Liquescant]
352 1561 404 1591 Ob
429 1561 559 1600 adipem
577 1561 604 1590 δε
622 1560 857 1599 pinguedinem
874 1560 920 1590 in-

85 1609 208 1637 testinis
234 1607 466 1642 adhaerentem,
490 1614 562 1643 quze
587 1605 692 1634 multa
709 1603 923 1633 adhibebatur

85 1650 102 1680 ὲ
121 1649 389 1685 ὃᾶεῑίᾗεαηῐὶὺυε,
415 1654 449 1677 ut
474 1649 510 1676 ea
537 1647 739 1686 liquescente
763 1647 846 1685 ignis
871 1656 924 1676 ac-

84 1694 286 1730 cenderetur,
312 1692 340 1721 &
359 1700 468 1721 carnes
482 1691 575 1720 citius
587 1696 866 1720 consumerentur.

129 1738 184 1767 48.
205 1737 253 1766 Ec
281 1739 382 1765 tamen
409 1732 475 1774 hic]
507 1735 633 1763 Avarus
662 1733 716 1762 ille
743 1733 772 1761 &
803 1733 924 1772 impius

86 1785 242 1820 precator.

133 1822 272 1862 Vincere]
318 1820 408 1851 Deos
435 1820 625 1850 muneribus
654 1829 855 1859 expugnare,
893 1822 923 1850 Sc

86 1868 245 1907 quidlibet
259 1865 415 1903 consequi
430 1865 470 1894 ab
487 1863 560 1893 illis.

128 1910 240 1948 Furto]
264 1909 385 1939 Libum
403 1913 470 1937 erat
484 1907 501 1935 ὲ
520 1906 612 1943 farre,
627 1906 715 1942 vino,
732 1906 843 1943 melle,
862 1908 920 1937 διε.

84 1954 208 1984 dictum
225 1955 242 1983 a
259 1951 433 1989 farciendo,
457 1949 545 1989 quod
558 1950 575 1978 ἐ
590 1950 700 1980 multis
717 1955 784 1979 erat
799 1949 922 1980 confer-

84 2003 158 2027 tum
185 1999 286 2027 rebus.
334 1994 525 2034 Legendum
542 1992 674 2032 quidam
699 2002 766 2022 esse
789 1998 922 2022 conten-

85 2041 168 2070 dunt
181 2040 281 2078 ferto.
326 2038 461 2068 Dictum
478 2045 535 2066 seu
551 2037 591 2065 ob
608 2036 766 2065 rationem
784 2046 864 2066 mox
880 2036 924 2066 al-

86 2083 197 2121 latam,
221 2093 278 2112 seu
294 2080 382 2121 quod
396 2081 434 2110 ad
452 2089 536 2109 sacra
552 2079 636 2118 saepe
652 2080 794 2108 ferretur.

129 2128 182 2157 49.
206 2125 277 2155 Jam
291 2123 399 2154 crescit
415 2123 505 2163 ager]
529 2123 642 2161 Inquit
667 2131 779 2152 avarus
806 2129 924 2153 semet-

86 2171 196 2210 ipsum
213 2179 269 2207 spe
287 2167 368 2197 vana
385 2166 552 2195 deludens.

130 2215 184 2242 51.
199 2210 351 2250 Suspiret]
368 2211 474 2248 Spiret
488 2209 619 2247 quasi&
634 2217 718 2238 unus
735 2213 830 2239 restet
843 2218 924 2240 non-

86 2257 167 2286 dum
185 2255 283 2285 stulte
299 2259 526 2291 consumptus,
551 2256 588 2282 ut
602 2252 717 2281 caeteri.

130 2300 182 2328 52.
204 2297 334 2335 Incusa]
367 2297 405 2326 In
422 2295 538 2324 incude
552 2295 716 2331 fabricata,
739 2295 790 2324 vel
805 2295 923 2326 eaelata.

87 2341 230 2376 Quidam
246 2343 497 2378 interpretantur
520 2337 648 2375 infecta,
664 2337 862 2375 infabricata,
888 2344 925 2368 ut

86 2387 127 2416 sit
142 2395 246 2415 massa
260 2385 330 2414 auri
344 2382 491 2412 nondum
509 2382 589 2410 cusi.

130 2430 182 2459 55.
205 2428 335 2457 Pectore
349 2425 438 2464 lez-0]
464 2423 594 2454 Sinistra
611 2425 748 2462 pectoris
765 2429 865 2463 parte,
889 2425 924 2454 in

87 2482 153 2512 qua
179 2472 279 2501 situm
306 2475 354 2500 est
378 2479 438 2498 cor.
490 2466 633 2500 Quidam
662 2467 924 2506 interpretantur,

88 2515 245 2554 maligno.
258 2522 402 2553 perverso
414 2523 423 2551 3
447 2511 502 2541 sed
514 2511 619 2540 minus
634 2510 749 2549 placet.

132 2560 184 2588 54.
206 2557 359 2587 Excutias
379 2554 505 2596 guttas]
530 2554 658 2583 Sudoris
682 2554 789 2591 stillas,
813 2554 854 2583 ob
870 2564 923 2584 ve-

86 2601 277 2631 hementem
301 2600 401 2630 cordis
426 2598 680 2628 commotionem
705 2598 729 2625 ,ἰ-
756 2597 922 2627 letitiam:

88 2645 215 2683 eritque
229 2644 298 2673 haec
324 2642 482 2681 expolitio
499 2641 610 2679 prioris
630 2640 810 2676 sententie,
824 2640 923 2670 sudes.

90 2688 176 2717 Sunt
201 2687 258 2725 qui
283 2686 324 2715 de
349 2687 495 2724 lacrymis
521 2683 729 2722 Lntelligant3
753 2683 808 2711 sed
832 2686 927 2713 recla-

89 2735 182 2760 mant
198 2730 266 2758 haec
283 2730 376 2758 verba
386 2731 511 2766 pectore
526 2726 610 2755 [ωηο.

135 2775 188 2802 55.
217 2772 296 2801 Hinc
310 2771 387 2801 illud
400 2770 509 2809 subiit]
534 2770 585 2799 Ex
598 2779 638 2799 eo
649 2768 737 2809 quod
751 2769 795 2798 ita
810 2770 927 2808 gaudes

89 2817 163 2846 data
178 2815 236 2845 tibi
251 2824 330 2844 auro
347 2815 375 2843 &
389 2820 533 2854 argento,
557 2813 634 2842 hinc
659 2813 806 2842 animum
833 2820 927 2843 tuum

90 2859 176 2890 subit
192 2858 316 2897 opinio,
333 2858 361 2887 δε
379 2865 471 2896 putas
484 2858 519 2886 iis
537 2857 652 2895 pariter
669 2856 756 2886 Deos
771 2856 928 2894 gaudere:

92 2902 296 2941 proindeque
323 2910 436 2930 eorum
462 2907 584 2929 statuas
612 2908 690 2928 auro
720 2907 868 2936 exornas,
893 2909 930 2928 ut

91 2954 144 2975 eos
157 2944 354 2974 demereari<.

137 2987 252 3025 Oculo]
277 2987 329 3016 Ex
343 2987 488 3016 hostibus
514 2991 672 3025 reportato
694 2986 723 3014 Sc
748 2995 790 3014 ex
815 2994 929 3015 eorum

91 3032 210 3070 spoliis.
257 3030 377 3059 Oratio
408 3030 514 3059 minor
540 3030 740 3068 triumphus,
765 3028 867 3057 dictu,
889 3029 928 3057 ab

92 3083 153 3103 ove
169 3083 242 3113 quae
259 3080 339 3103 tunc
354 3073 561 3108 mactabatur,
584 3074 667 3103 sicut
683 3074 737 3100 'uos
759 3072 790 3099 in
816 3072 929 3108 majori

91 3118 270 3157 triumpho.
316 3115 385 3146 Nec
401 3117 490 3147 enim
507 3116 613 3155 placet
626 3115 782 3146 deducere
797 3114 836 3144 ab
853 3124 927 3154 ovo,

968 1439 1004 1461 ut
1020 1431 1136 1462 volunt
1160 1434 1325 1474 nonnulli,
1348 1435 1388 1464 eo
1413 1434 1502 1474 quod
1526 1444 1598 1475 quae
1617 1435 1806 1465 inaurantur

968 1475 1052 1513 prius
1066 1476 1121 1504 ovi
1135 1476 1207 1506 albo
1225 1477 1405 1509 illinuntur.

1009 1518 1062 1548 56.
1088 1518 1304 1557 Namfmtres
1319 1521 1410 1560 inter,
1434 1521 1502 1560 circu]
1527 1520 1633 1552 Itonia
1649 1527 1706 1552 est.

1010 1561 1136 1591 Fratres
1163 1563 1245 1593 inter
1268 1563 1392 1603 ahenos]
1417 1565 1463 1594 Hi
1478 1571 1556 1597 sunt
1571 1565 1810 1604 quinquaginta

968 1604 1025 1634 filii
1045 1603 1189 1644 AEgypti,
1213 1616 1353 1646 quorum
1369 1614 1481 1638 statuae
1499 1609 1533 1638 in
1562 1610 1690 1647 porticu
1707 1609 1810 1646 Apol·

969 1648 1040 1677 linis
1067 1648 1202 1679 Palatini
1228 1656 1352 1680 erectae.
1399 1652 1527 1682 Harum
1550 1652 1639 1681 enim
1658 1651 1808 1690 quaedam

969 1691 1098 1721 oracula
1114 1694 1141 1721 Sc
1160 1702 1308 1731 responsa
1326 1704 1382 1733 per
1397 1704 1551 1725 somnum
1570 1695 1809 1734 postulantibus

968 1734 1098 1764 reddere
1111 1736 1333 1766 credebantur.
1379 1737 1428 1767 Ita
1442 1743 1535 1768 vetus
1550 1738 1720 1777 Interpres‚
1746 1737 1806 1768 Ca-

968 1779 1058 1808 saub.
1094 1779 1153 1807 dcc.
1196 1779 1343 1810 adversus
1373 1782 1562 1819 nonnullos,
1600 1782 1657 1820 qui
1687 1782 1806 1811 intelli·

967 1826 1051 1860 gunt
1074 1822 1127 1850 alii
1153 1822 1287 1861 quidem
1313 1823 1477 1854 Castorem
1505 1826 1533 1854 ἇς
1550 1825 1730 1862 Pollucem,
1752 1825 1807 1854 alii

967 1866 1041 1894 vero
1057 1865 1219 1902 quoslibet
1234 1865 1334 1903 Deos,
1358 1867 1415 1905 qui
1429 1867 1538 1896 fratres
1552 1867 1711 1905 dicantur,
1729 1869 1806 1907 quia

966 1914 1042 1937 sunt
1059 1917 1172 1937 omnes
1186 1908 1244 1937 filii
1260 1911 1356 1939 unius
1371 1911 1480 1939 matris
1496 1910 1646 1949 Cybeles,
1665 1920 1805 1949 quorum

966 1951 1131 1990 pleraeque
1147 1961 1189 1980 ex
1201 1962 1262 1981 aere
1277 1959 1367 1982 erant
1379 1958 1503 1983 statuae.

1012 1995 1064 2024 57.
1087 1994 1211 2024 Pituita
1221 1994 1463 2038 purgatissima]
1489 1996 1536 2026 Ea
1552 1997 1640 2026 enim
1657 2005 1729 2026 vera
1746 2007 1806 2036 pu-

967 2043 1063 2067 tanur
1078 2038 1250 2078 insomnia,
1275 2049 1348 2078 quae
1376 2049 1444 2069 non
1472 2041 1667 2080 proveniunt
1683 2049 1726 2069 ex
1743 2041 1805 2070 hu-

967 2082 1119 2110 moribus.

1011 2124 1063 2153 58.
1101 2123 1208 2163 Sitque
1234 2125 1298 2154 illis
1318 2135 1411 2155 aurea
1442 2126 1551 2165 barba]
1587 2126 1807 2165 Superstitiosi

967 2172 1089 2198 veteres
1105 2167 1122 2197 ὲ
1138 2169 1325 2206 supradictis
1351 2169 1465 2199 statuis
1491 2180 1542 2199 eas
1566 2170 1768 2210 inaurabant,
1790 2174 1807 2202 a

967 2210 1086 2250 quibus
1118 2211 1303 2242 immissum
1328 2213 1386 2241 sibi
1411 2222 1523 2243 verum
1560 2213 1693 2251 aliquod
1721 2224 1806 2245 som-

968 2254 1062 2285 nium
1078 2254 1268 2285 credebant:
1296 2256 1324 2284 δε
1351 2265 1434 2294 quos
1459 2257 1602 2286 maxime
1619 2256 1706 2286 Deos
1720 2258 1807 2288 cole-

966 2296 1058 2334 bant,
1081 2299 1120 2327 iis
1145 2298 1275 2327 barbam
1302 2308 1434 2328 auream
1464 2299 1594 2336 dabant,
1620 2308 1655 2329 ut
1683 2300 1806 2332 dictum

968 2345 1015 2369 est
1031 2339 1070 2370 de
1086 2341 1260 2379 Esculapio
1274 2342 1371 2380 supra
1382 2343 1420 2371 ad
1435 2351 1472 2371 ea
1487 2342 1591 2379 verba,
1609 2341 1725 2372 Vellere
1737 2344 1806 2373 bar-

967 2382 1044 2412 bam.
1093 2384 1176 2413 Vide
1194 2386 1222 2413 δε
1241 2384 1375 2414 Sueton.
1393 2386 1426 2414 in
1440 2385 1598 2424 Caligula,
1614 2395 1685 2424 cap.
1699 2387 1751 2417 52.

1011 2427 1063 2457 59.
1091 2425 1171 2456 Vasa
1187 2425 1307 2465 Numae]
1331 2428 1497 2465 Testacea,
1512 2428 1681 2467 simplicia,
1700 2430 1808 2468 quana

967 2467 1116 2500 adhibuit
1132 2470 1241 2500 Numa
1257 2471 1434 2509 Pompilius
1449 2471 1670 2510 religiosorum
1683 2474 1806 2504 rituum

968 2512 1054 2550 apud
1082 2514 1242 2543 Romanos
1264 2519 1385 2543 auctor.
1434 2513 1503 2543 Cic.
1532 2513 1641 2544 Parad.
1668 2518 1698 2545 1.
1723 2516 1807 2548 Ptin.

968 2555 1025 2584 lib.
1040 2557 1092 2586 35.
1118 2566 1187 2595 cap.
1209 2558 1257 2585 12.
1283 2558 1311 2585 3:
1326 2557 1381 2586 lib.
1397 2557 1449 2585 83.
1466 2566 1538 2595 cap.
1559 2559 1609 2587 11.

1010 2597 1174 2638 Saturnia]
1199 2598 1316 2631 Qualia
1342 2606 1431 2629 erant
1460 2601 1491 2628 in
1522 2609 1582 2630 usu
1609 2603 1811 2641 temporibus

973 2643 1022 2671 vel
1035 2643 1069 2672 iu
1083 2644 1151 2672 aede
1166 2643 1305 2672 Saturni.
1352 2643 1445 2671 Ovid.
1458 2643 1544 2672 Fast-
1562 2645 1591 2673 1.

1017 2685 1070 2715 60.
1101 2686 1295 2723 Vestalesque
1316 2684 1428 2727 ursas]
1467 2686 1589 2719 Quales
1614 2688 1809 2720 adhibebant

972 2728 1118 2759 Vestales
1135 2730 1168 2757 in
1183 2730 1275 2758 sacris
1293 2728 1410 2758 Vestae.

1019 2771 1269 2809 Tuseumficrile]
1307 2771 1430 2801 Thusci
1461 2774 1606 2814 religioni
1634 2775 1809 2805 admodum

970 2814 1105 2844 fuerunt
1129 2815 1242 2852 dediti,
1266 2824 1407 2854 suosque
1435 2817 1514 2846 ritus
1542 2828 1576 2847 ac
1603 2819 1810 2848 ceremonias

972 2858 1040 2887 alii:
1072 2858 1199 2896 populis
1233 2859 1531 2890 accommodarunt.
1578 2861 1625 2890 Hi
1659 2861 1811 2891 fictilibus

974 2902 1053 2930 versis
1069 2902 1098 2929 in
1117 2901 1209 2930 sacris
1226 2901 1291 2929 suis
1307 2902 1493 2932 utebantur.

1018 2943 1068 2973 65.
1093 2943 1139 2971 Et
1161 2943 1238 2972 bona
1264 2941 1337 2972 Diis
1362 2955 1399 2974 ear
1426 2945 1495 2983 hae,
1526 2945 1595 2986 ξω]
1619 2946 1659 2975 Et
1688 2948 1811 2977 credere

975 2986 1044 3016 Diis
1073 2995 1109 3015 ea
1136 2986 1262 3024 probari
1290 2988 1319 3016 <Sc
1345 2988 1428 3018 bona
1445 2990 1554 3026 videri,
1579 2999 1650 3028 quae
1666 2990 1758 3019 nobis
1781 2992 1812 3021 δε

974 3035 1085 3058 nostre:
1102 3030 1226 3059 libidini
1237 3031 1385 3067 jucunda
1399 3040 1486 3062 sunt.

1016 3070 1138 3112 Pzdptt]
1162 3071 1267 3111 Pullm
1285 3075 1314 3103 ἅν
1337 3075 1592 3113 pulpamentum
1617 3075 1707 3106 cibus
1731 3076 1810 3107 deli-

972 3120 1073 3154 catus,
1096 3125 1153 3146 seu
1169 3125 1240 3146 caro
1256 3117 1383 3156 optima
1398 3119 1426 3147 <Sc
1441 3118 1509 3147 sine
1524 3118 1655 3149 ossibus.
1700 3119 1805 3152 Meta-

939 3158 983 3200 U
