1934 3227
681 73 1255 129 PRAEFATIO.

194 202 411 273 ligerum
463 202 523 255 de
566 202 737 255 Satirae
781 203 1128 275 Etymologia.
1207 203 1360 260 Qubd
1407 203 1447 256 si
1493 207 1641 277 sapis»,
1699 229 1757 262 ac

195 300 308 350 viris
360 301 497 352 omni
559 301 850 371 exceptione
910 300 1179 369 majoribus
1230 308 1281 351 te
1331 300 1405 352 vis
1465 301 1756 373 adjungere,

191 396 355 448 credes
401 398 458 448 iis
505 417 612 466 quae
662 402 718 448 ea
764 397 824 449 de
874 416 925 449 re
975 397 1252 449 luculenter
1306 397 1599 468 praescripsit
1657 401 1755 451 Ca-

194 496 455 544 saubonus.
536 495 668 546 Vide
714 494 914 546 interim
956 512 1067 562 quae
1113 493 1352 545 annotavi
1392 493 1494 545 Sat.
1549 495 1592 547 l.
1630 514 1751 548 vers.

193 589 279 639 30.
310 588 371 638 ad
409 608 599 652 vocem,
635 591 867 642 Satiram.
943 589 1123 641 Nihilo
1167 598 1332 641 tamen
1368 589 1534 641 minus
1569 595 1594 642 ὲ
1635 591 1755 642 Sca-

193 683 351 752 ligero
379 685 568 754 reliqua
588 685 912 755 excipiamuS,
949 684 1323 753 audiamusque.
1402 684 1484 737 Sic
1517 684 1603 737 ille
1639 704 1751 756 per-

192 780 287 849 git.

264 962 481 1013 Satiram
505 982 598 1014 nou
617 981 725 1015 esse
743 962 977 1015 Latinam
994 982 1090 1014 rem
1110 981 1194 1015 suo
1216 963 1318 1015 loco
1334 966 1605 1016 monuimus.
1651 965 1752 1016 Est

189 1065 346 1109 autem
365 1059 535 1111 Poe‘ma
558 1059 781 1122 liberum,
800 1060 1052 1131 simileque
1070 1059 1112 1110 S
1112 1062 1315 1129 atyricae
1334 1067 1522 1111 uaturae
1537 1085 1557 1119 ;
1597 1062 1751 1112 omnia

192 1173 368 1225 susque
392 1162 551 1226 deque
575 1156 779 1218 habens,
806 1156 936 1208 modo
957 1157 1157 1227 aliquid
1173 1157 1324 1208 dicat.

270 1335 453 1386 Tribus
477 1337 624 1387 modis
650 1336 937 1406 Satyrarum
963 1339 1153 1408 species
1172 1342 1504 1407 agnoscuntur
1523 1356 1542 1386 .·
1593 1341 1623 1389 ὰ
1653 1356 1750 1408 ge-

186 1429 388 1481 neribus
435 1430 703 1481 Carmiuum
753 1432 983 1498 (scilicet
1030 1431 1122 1483 vel
1166 1434 1462 1482 senariorum
1517 1433 1751 1502 Dactyli-

186 1544 347 1576 corum
389 1527 481 1578 vel
519 1527 873 1595 Iambicorum)
917 1534 945 1583 (ὶ
988 1531 1179 1580 ratione
1214 1528 1451 1580 Poematis
1469 1548 1488 1579 .·
1552 1529 1582 1577 ὰ
1632 1528 1750 1580 clia-

190 1623 481 1675 racteribus.
559 1625 614 1675 A
649 1626 839 1676 ratione
876 1623 1113 1676 Poematis
1154 1631 1256 1676 tres
1294 1632 1446 1675 sunt.-
1500 1623 1600 1674 Vel
1633 1642 1750 1675 nar-

188 1720 315 1768 ratio
339 1726 413 1769 est
438 1720 650 1790 simplex
674 1740 693 1770 .·
734 1739 806 1771 ex
823 1725 1039 1791 persona
1059 1720 1296 1772 Auctoris
1318 1744 1338 1779 ,·
1378 1728 1433 1771 ut
1454 1721 1625 1791 prima
1654 1719 1751 1772 Ju-

187 1814 401 1865 venalis.
481 1813 580 1864 Vel
590 1815 761 1863 activa
780 1809 833 1862 &3
852 1832 924 1863 ex
932 1816 1168 1883 personis
1184 1817 1450 1866 constituta
1466 1837 1486 1873 ;
1526 1822 1581 1865 ut
1584 1817 1754 1886 prima

188 1909 371 1960 Persii.
451 1908 550 1959 Vel
568 1910 710 1958 mista
726 1932 748 1967 ,·
789 1916 843 1958 ut
880 1908 971 1958 illa
1003 1909 1218 1959 Horatii
1236 1910 1530 1980 plenissima
1568 1912 1754 1962 mundi-

185 2008 363 2056 tiarum
379 2025 398 2055 .·
439 2005 585 2055 Ibam
608 2004 734 2056 forte
762 2004 865 2059 Via
888 2004 1054 2055 Sacrzi.
1103 2005 1158 2055 A
1171 2004 1542 2056 characteribus
1564 2008 1753 2077 species

185 2102 312 2153 duae.
389 2101 571 2152 Altera
615 2103 851 2163 sedatior,
886 2101 1049 2172 qualis
1095 2101 1400 2164 Horatiana,
1447 2120 1506 2152 ac
1550 2104 1757 2152 sermoni

171 2198 399 2269 propior.
478 2196 660 2247 Altera
689 2198 996 2257 concitatior,
1038 2215 1145 2267 quae
1169 2199 1328 2267 magis
1353 2197 1556 2268 placuit
1588 2197 1630 2248 J
1627 2215 1753 2248 uve-

183 2291 292 2343 nali
315 2288 368 2342 &³
392 2291 583 2342 Persic.
662 2291 747 2341 Hi
769 2293 985 2341 strictam
1010 2291 1194 2342 habent
1213 2292 1480 2363 cuspidem,
1509 2310 1567 2342 ac
1591 2292 1756 2342 veluti

186 2394 452 2438 contectum
475 2388 665 2457 fronde
684 2396 872 2459 gerunt
898 2388 1132 2457 thyrsum,
1169 2388 1453 2458 Satyrorum
1488 2406 1631 2449 more,
1660 2406 1753 2459 quo

169 2484 373 2553 feriant
394 2485 738 2555 imprudentes.
815 2484 1084 2537 Iuvenalis
1103 2486 1264 2546 ardet,
1287 2487 1439 2535 instat
1458 2484 1645 2555 aperte,
1657 2481 1754 2556 ju-

179 2579 344 2651 gulat.
405 2579 609 2631 Persius
629 2581 850 2633 insultat.
918 2582 1167 2632 Horatius
1191 2582 1386 2632 irridet.
1438 2578 1635 2632 Idcirco
1654 2580 1694 2630 S
1696 2598 1753 2631 a-

183 2680 319 2742 tyrus
343 2676 642 2747 inscripsere
666 2676 785 2727 illi:
836 2676 919 2728 hie
943 2679 1171 2728 sermonis
1195 2676 1336 2727 tituli
1356 2681 1608 2726 contentus
1617 2676 1748 2744 fuit.

257 2862 435 2914 Partes
479 2866 534 2915 in
563 2864 737 2915 Satira
774 2866 920 2917 nullae
944 2887 963 2917 .·
1015 2865 1195 2916 nullum
1233 2865 1535 2928 Prooemium,
1578 2868 1626 2916 si
1659 2884 1755 2916 non

182 2960 282 3010 vis.
358 2958 592 3030 Abrupta
612 2962 787 3024 omnia,
816 2980 910 3013 non
933 2969 1091 3013 tamen
1113 2980 1207 3014 non
1225 2962 1537 3014 cohaerentia.
1617 2962 1754 3015 Nam
