1948 3281
94 98 177 137 ΤΒ

701 98 887 141 PERSII
925 97 1143 140 SATIRA
1178 100 1215 140 I.

92 189 258 228 petulanti,
293 192 316 228 ὃς
344 190 464 220 Maenas
494 193 608 231 lyncem
622 188 818 239 Bassaris,
855 189 894 228 &
916 187 1077 243 lyncem
1101 189 1266 229 Maenas
1288 188 1440 231 flexura
1462 188 1685 242 corvmbis,

95 233 296 262 incurvatum
323 232 498 263 hederarum
533 235 609 272 uris,

97 276 206 313 sapitis
220 278 345 313 clamat,
370 280 461 306 cruri:
488 281 609 307 resonat

622 246 771 296 Evion,
807 245 1065 300 ingeminat:
1100 244 1329 298 reparabilis
1352 240 1681 290 adsonat'Echo.

97 319 185 347 Echo
202 323 337 357 repetens
353 330 446 349 som,
492 321 545 350 An
562 324 607 349 (a-
623 305 729 345 Haec
753 302 908 352 fierent,
942 301 973 342 si
997 301 1174 342 testiculi
1195 317 1297 342 vena
1318 302 1401 344 ulla
1422 305 1575 358 paterni

98 362 143 391 [ι’«ι
173 363 313 392 carmina
340 363 550 399 conderentur,
585 362 611 391 εἰ
624 360 788 401 Viveret
808 359 848 399 in
873 358 1023 400 nobis?
1059 360 1237 400 Summa
1257 359 1447 401 delumbe
1470 363 1593 403 saliva

96 405 129 434 in
157 405 240 434 nobis
269 406 385 445 vigeret
407 417 482 444 pars
507 406 610 443 aliqua

1740 360 1818 402 104

96 448 219 477 smum
233 448 405 487 majorum,
431 449 516 478 Illud
527 419 720 477 nihi,Hoc
738 425 848 457 natat
868 415 908 456 in
926 415 1046 457 labris
1063 433 1074 467 3
1111 417 1149 457 δι
1167 416 1208 457 in
1228 417 1309 457 udo
1326 428 1384 458 est
1403 419 1582 469 Maenas‚
1603 419 1641 459 &
1656 418 1786 473 Attys
1805 432 1817 458 ε

98 490 239 521 lominus
263 501 391 521 carmen
414 492 519 520 enerve
535 475 716 525 flaitNec
741 474 926 528 pluteum
949 474 1090 524 caedit,
1128 489 1204 514 nec
1226 475 1437 515 demorsos
1462 478 1565 530 sapit
1588 491 1764 532 ungues.

99 535 130 562 z‘a
144 534 263 563 labellis
285 534 419 563 emtremd
441 534 567 567 εαῑίι·ἁ;
591 531 705 572 &Sed
728 530 826 586 quid
845 545 948 585 opus
972 542 1127 572 teneras
1149 531 1332 572 mordaci
1355 533 1490 573 radere
1515 548 1605 573 vero

100 578 224 607 Maenas
257 580 279 616 ξς
306 577 401 615 Attys
440 576 471 605 in
495 575 614 605 humido

100 626 146 649 est
159 632 168 648 :
195 630 288 658 neque
300 620 435 658 percutit
447 619 614 658 puspz'lum,

627 587 876 630 Auriculas?
912 587 1020 629 Vide
1042 590 1113 637 sis,
1147 603 1198 629 ne
1221 589 1424 644 majorum
1448 589 1521 631 tibi
1543 591 1650 631 forte

100 673 196 702 neque
212 662 325 692 redolet
348 672 465 702 ungues
487 672 614 691 arrosos.
628 645 794 688 Limina
814 645 1037 701 frigescant
1057 661 1066 687 :
1103 656 1222 687 sonat
1243 647 1312 687 hic
1336 647 1385 688 de
1406 662 1500 688 nare
1523 647 1670 689 canina

1745 649 1824 690 109

101 706 146 735 At
170 715 307 744 quorsum
325 705 421 743 juvat
440 706 648 745 perstringere
661 714 750 734 aures
764 704 910 733 delicatas
926 706 1054 734 veritate
1074 703 1241 735 irritante?
1267 705 1362 745 Cave,
1383 706 1411 735 si
1433 706 1489 745 πίε,
1511 716 1549 737 ne
1561 706 1702 745 fortasse
1718 706 1828 746 januoe

98 747 358 788 potentiumfiant
376 748 568 789 tibifiigz'doe
579 760 588 777 .·
612 758 689 779 nam
705 748 767 778 illie
783 746 874 777 litera
889 749 925 778 de
945 757 1018 777 naso
1031 758 1140 778 canum

105 905 130 934 si
158 905 215 942 vis,
238 904 325 944 apud
350 905 416 936 Tit.
443 904 516 935 Liv.
541 904 597 935 lib.
621 904 673 935 39.
698 914 770 944 cap.
786 903 818 933 8.
843 904 872 935 δε
897 913 944 934 se-

106 948 297 988 quentibus.

151 991 254 1030 Caput
267 991 426 1031 ablatura]
458 992 571 1031 Agave
586 991 707 1021 Bacchi
722 990 871 1021 Sacerdos
887 1000 948 1020 cae-

106 1035 181 1064 teris
198 1036 435 1066 Bacchantibus
462 1035 508 1072 adj
516 1041 571 1064 uta
587 1040 726 1064 mortem
750 1034 859 1063 intulit
877 1043 946 1073 pro-

107 1079 179 1116 prio
193 1078 260 1108 filio
278 1079 436 1115 Pentheo,
460 1079 499 1107 eo
526 1087 593 1116 quo
619 1087 684 1107 non
706 1077 835 1113 licebat,
858 1086 948 1106 acce·

107 1121 222 1159 denti3
260 1123 357 1161 eique
386 1122 489 1161 prima
517 1121 664 1151 omnium
697 1126 797 1159 caput
826 1119 949 1149 ademit

106 1163 266 1195 Bacchico
282 1164 388 1195 furore
401 1165 530 1204 percita.

156 1209 229 1238 101.
252 1208 409 1247 Bassaris]
440 1208 550 1246 Agave
567 1207 607 1236 ita
625 1207 848 1246 cognominata
867 1207 950 1236 sicut

108 1252 137 1281 ἅτ
169 1253 237 1282 alize
263 1252 382 1282 Bacchi
407 1250 602 1288 sacrificulae,
637 1251 653 1279 a
679 1251 808 1280 Bassam
838 1250 948 1288 Libya:

107 1295 194 1332 1000,
219 1296 274 1325 ubi
301 1295 464 1324 colebatur
480 1294 641 1331 Bacchus,
664 1299 700 1323 ut
720 1293 791 1323 vult
817 1294 949 1332 Acron3

111 1338 161 1367 vel
178 1338 195 1367 ὲ
212 1338 341 1369 Bassam·
355 1344 442 1367 veste
459 1337 559 1373 talari,
583 1336 648 1376 qua
665 1337 719 1366 ille
744 1336 948 1366 induebatur.

108 1381 186 1412 Non
199 1383 304 1421 placet
318 1380 516 1421 etymologia
528 1378 588 1408 ἀπὸ
600 1380 657 1409 τῶν
673 1379 772 1411 Βῆσων
787 1379 804 1408 a
814 1379 950 1409 vallibus

111 1426 139 1454 δε
165 1426 297 1455 saltibus
321 1425 355 1455 in
382 1425 501 1463 quibus
528 1423 788 1460 bacchabantur3
812 1432 871 1452 nec
892 1420 952 1453 ἀπὸ

109 1467 151 1497 τῦ
166 1466 280 1508 Βάζειν,
295 1468 383 1508 quod
398 1474 444 1497 est
456 1466 548 1505 loqui
564 1476 622 1496 seu
639 1466 808 1496 vociferari.

155 1511 302 1552 Lynrem]
338 1512 463 1550 Lynces
489 1519 621 1539 currum
652 1509 772 1540 Bacchi
804 1509 951 1545 trahunt,

112 1555 198 1585 sicut
225 1557 253 1585 &
278 1556 386 1594 tigres,
412 1553 574 1583 maculosa
600 1553 762 1590 animalia,
798 1553 825 1581 <Sc
853 1553 952 1582 varios

116 1599 183 1628 vini
211 1598 346 1628 effectus
372 1594 516 1635 apprime
544 1596 766 1634 significantia.
815 1595 866 1624 De
888 1596 953 1624 istis

114 1642 187 1671 vide
203 1642 283 1672 Plin.
311 1641 366 1670 lib.
384 1640 414 1668 S.
430 1639 470 1668 de
486 1638 608 1679 tigride,
632 1649 701 1678 cap.
718 1639 768 1668 18.
791 1637 831 1667 de
848 1639 954 1678 lynce,

115 1694 186 1724 cap.
203 1686 256 1715 88.

159 1728 298 1767 Maenas]
321 1724 397 1757 Ἀπό
411 1726 450 1755 τέ
465 1722 638 1764 μαίνεσθαι,
661 1724 749 1762 quod
774 1729 821 1754 cst
838 1724 955 1763 furere,

121 1772 289 1803 Maenades
303 1770 470 1810 appellatae
487 1776 565 1798 sunt
578 1768 786 1798 Bacchantes.

163 1814 334 1854 Corymbz‘s]
373 1812 538 1852 Corymbus
575 1818 623 1841 est
660 1811 783 1841 hederae
823 1810 956 1841 fructus.

119 1859 186 1890 Hic
212 1858 358 1896 intellige
372 1857 423 1886 vel
439 1857 558 1895 virgam
574 1854 591 1884 ὲ
606 1855 727 1892 thyrso,
750 1855 801 1885 vel
818 1854 956 1885 fraenum

119 1903 244 1932 hederis
270 1901 396 1931 intortis
417 1906 579 1928 ornatum.
628 1897 763 1927 Hedera:
791 1898 864 1926 vero
877 1898 956 1928 Bac-

120 1947 182 1976 cho
199 1955 305 1982 sacrze,
330 1944 404 1982 quia
422 1949 580 1972 revertens
606 1941 645 1970 ab
670 1940 759 1971 India
785 1941 887 1971 victor
911 1941 960 1971 his

122 1999 190 2020 sese
207 1988 377 2019 coronavit.

167 2033 239 2062 102.
274 2029 390 2067 Epion]
423 2027 517 2059 Evios
546 2028 663 2058 dicitur
693 2027 839 2058 Bacchus
867 2027 916 2057 vel
944 2027 961 2056 a

122 2085 200 2107 voce
223 2073 457 2106 Bacchantium
476 2070 550 2101 εὖοῗε
576 2072 627 2101 vel
655 2071 744 2110 quod
769 2071 810 2100 ob
839 2080 884 2100 res
908 2071 961 2100 ad·

123 2119 230 2149 versus
245 2118 398 2156 Gigantes
425 2116 533 2145 foriter
557 2122 670 2153 gestas,
696 2114 843 2143 laudatus
869 2120 918 2143 est
944 2112 962 2142 a

122 2163 206 2193 Jove
223 2162 272 2191 his
285 2159 408 2198 verbis3
432 2156 463 2188 ίὶι
476 2155 527 2195 ini,
540 2157 685 2198 eugefili.
733 2156 847 2186 Horat.
860 2157 913 2186 lib.
929 2157 962 2185 2.

227 2206 244 2227 o

126 2206 378 2287 υιιΙὲέᾗᾶναόἰῖίε]
413 2245 494 2278 Quae
523 2253 616 2274 voces
643 2248 815 2282 pereuntes
842 2248 964 2282 reparat

128 2291 315 2331 repetendo.

169 2334 270 2373 Echo]
294 2333 391 2364 Dicta
418 2330 476 2362 ἀπὸ
501 2331 540 2360 τῦ
567 2330 660 2371 ἦχιῖν,
683 2339 801 2358 sonare.
852 2328 963 2359 Fuisse

129 2379 273 2418 puellam
300 2377 342 2406 ob
366 2375 584 2415 garrulitatem
602 2376 635 2403 in
651 2382 765 2403 vocem
789 2373 805 2401 a
827 2372 962 2402 Junone

129 2426 288 2452 mutatam
321 2420 517 2449 fabulantur.
566 2416 655 2449 Quid
679 2416 783 2445 revera
809 2416 848 2444 sit
864 2414 963 2451 Echo,

127 2465 271 2503 explicat
283 2462 397 2492 diserte
414 2462 494 2492 Plin.
510 2461 565 2490 lib.
581 2461 612 2490 2.
631 2469 702 2498 cap.
715 2459 768 2488 46.
793 2459 819 2488 81
837 2458 890 2487 lib.
907 2459 962 2488 36.

129 2518 199 2546 cap.
220 2510 271 2537 15.
295 2506 382 2545 Lege
402 2506 430 2534 ὃς
446 2504 546 2534 Ovid.
566 2502 818 2540 Metamorphos.
836 2502 868 2530 ὃ.
893 2511 963 2541 cap.

132 2554 161 2581 5.
185 2551 212 2579 δε
232 2550 369 2580 Ausonii
386 2548 594 2587 Epigramma
610 2545 834 2576 undecimum.

176 2595 246 2625 103.
273 2591 431 2630 Testiculi]
456 2590 603 2628 Metaph.
636 2588 734 2628 paulo
758 2587 907 2617 audacior
935 2587 964 2617 δι

131 2636 321 2667 obscoenior.
367 2634 403 2663 Id
422 2641 482 2671 est,
494 2634 521 2663 si
538 2633 692 2662 virilitatis
704 2631 842 2667 antiquae
861 2631 889 2660 <Sc
907 2631 964 2660 vir-

131 2681 209 2711 tutis
224 2688 259 2716 ac
285 2678 458 2717 diligentia:
486 2677 645 2713 majorum
670 2679 849 2704 nostrorum
872 2674 967 2704 vesti-

132 2725 224 2761 gium
240 2721 373 2759 aliquod
389 2722 420 2750 in
438 2720 527 2749 nobis
542 2723 734 2758 superesset.

131 2762 246 2798 Horat.
262 2763 367 2801 Epod.
385 2765 434 2793 15.

218 2808 252 2838 Si
268 2805 341 2845 quid
352 2805 383 2834 in
399 2805 506 2835 Flacco
523 2805 581 2834 viri
593 2808 649 2834 est.

177 2854 250 2883 104.
273 2848 435 2886 Delumbe]
460 2848 495 2877 ld
520 2855 580 2886 est,
603 2849 671 2877 sine
696 2846 828 2883 lumbis,
852 2848 880 2876 ἃ
897 2847 966 2876 sine

133 2897 264 2927 viribus.
308 2891 394 2922 Nam
411 2892 444 2922 in
468 2891 528 2920 illis
543 2891 681 2929 corporis
705 2889 849 2920 maxime
874 2891 968 2920 robur

131 2945 273 2979 apparet.

175 2979 299 3011 Summd
338 2977 436 3007 salii-(2
478 2976 584 3014 natat]
631 2977 799 3014 Ejusmodi
838 2985 965 3006 carmen

132 3025 247 3055 enerve
277 3022 508 3062 pronunciatur
545 3020 733 3058 primoribus
771 3019 876 3056 labris,
913 3018 968 3048 ubi

133 3069 312 3107 plurimum
337 3065 440 3094 salivae
465 3072 532 3092 esse
547 3062 650 3100 solet3
675 3072 742 3091 non
756 3068 867 3091 autem
885 3061 968 3091 virili

131 3110 273 3151 quadarn
295 3117 375 3140 voce
402 3109 430 3138 ἃ
447 3116 490 3137 ex
505 3105 572 3136 imo
593 3111 724 3145 pectore
748 3104 879 3134 educta.
924 3103 968 3134 Et

989 904 1063 934 cum
1078 904 1186 942 blaese,
1210 905 1360 942 molliter,
1383 905 1491 934 tenere
1517 904 1771 944 pronunciatum
1783 903 1830 934 illi

991 948 1153 985 Poetastss
1179 955 1249 977 tum
1277 957 1311 977 se
1335 949 1478 987 egregios
1496 948 1605 978 Poetas
1626 948 1832 985 arbitramur,

991 990 1070 1029 quia
1091 990 1171 1021 sorte
1202 991 1404 1021 adulatorum
1432 991 1680 1022 acclamationes
1706 991 1832 1030 ineptas

996 1034 1183 1063 audierunt.

1039 1079 1108 1106 105.
1141 1076 1187 1106 Et
1217 1076 1248 1105 in
1272 1077 1330 1106 udo
1358 1081 1403 1107 est
1427 1077 1558 1115 Maenas,
1583 1076 1650 1115 esa]
1700 1076 1738 1106 ln
1767 1076 1833 1107 udo

992 1129 1073 1158 esse,
1098 1121 1126 1150 ὅ(
1143 1121 1270 1150 summa
1287 1121 1381 1150 saliva
1406 1129 1526 1158 natare,
1551 1120 1636 1150 idem
1662 1128 1728 1149 esse
1744 1119 1829 1149 vide-

993 1169 1056 1193 tur.
1103 1163 1211 1192 Potest
1239 1164 1335 1193 etiam
1364 1164 1498 1203 intelligi
1524 1165 1646 1193 Persius
1675 1163 1832 1201 conqueri

993 1207 1080 1245 quod
1097 1205 1280 1236 Neroniana
1303 1209 1441 1237 carmina
1469 1207 1627 1246 perpetuo
1651 1206 1834 1235 habeamur

993 1250 1027 1278 in
1044 1260 1097 1279 ore
1113 1249 1319 1280 adulatorum
1339 1252 1367 1279 c&
1385 1251 1569 1289 ineptorum
1589 1249 1830 1288 Romanorum3

993 1292 1140 1332 adeoque
1165 1302 1292 1331 semper
1318 1294 1350 1323 in
1376 1295 1439 1323 udo
1462 1294 1526 1323 sint
1550 1294 1577 1322 ἃ
1595 1293 1627 1322 in
1657 1292 1754 1321 saliva
1777 1301 1834 1321 na-

994 1342 1077 1366 tent.
1139 1335 1236 1368 Quod
1264 1336 1440 1375 simplicius
1464 1345 1509 1365 est
1536 1338 1562 1366 δι
1592 1336 1692 1374 magis
1716 1335 1833 1373 placet.

994 1378 1047 1408 De
1064 1379 1157 1418 Atty,
1181 1381 1209 1409 ἃ
1226 1379 1375 1409 Maenade
1390 1389 1446 1408 ser.
1465 1379 1611 1417 Bacchis,
1642 1377 1834 1408 Neronianis

995 1421 1202 1452 Carminibus
1217 1431 1295 1452 mox
1309 1423 1433 1452 dictum
1450 1429 1510 1452 est.

1041 1466 1112 1495 106.
1137 1465 1294 1504 Pluteum]
1319 1465 1447 1495 Pluteus
1472 1464 1627 1504 significat
1652 1464 1706 1493 hic
1731 1473 1835 1494 arma·

997 1508 1096 1546 rium,
1122 1510 1155 1538 in
1172 1517 1238 1547 quo
1255 1509 1323 1539 libri
1340 1515 1547 1546 reponuntur.
1594 1507 1747 1537 Praeterea
1763 1507 1836 1546 plu-

998 1552 1041 1581 tei
1068 1552 1220 1582 militares
1251 1559 1407 1582 vocantur
1442 1559 1542 1581 crates
1571 1550 1721 1590 quaedam
1748 1550 1833 1580 corio

997 1600 1127 1633 operae,
1151 1595 1269 1634 quibus
1285 1600 1359 1625 ante
1374 1604 1407 1624 se
1421 1595 1533 1624 locatis
1550 1594 1691 1624 hostiurn
1707 1593 1772 1622 tela
1786 1602 1833 1622 ar-

997 1644 1072 1667 cent
1090 1639 1206 1668 milites
1221 1639 1300 1669 dum
1328 1639 1451 1668 faciunt
1473 1647 1566 1676 opus.
1611 1636 1699 1675 Lips.
1716 1636 1834 1666 Polior·

997 1686 1056 1710 cet.
1083 1682 1137 1711 lib.
1159 1684 1186 1710 1.
1204 1682 1329 1721 Dialog.
1352 1683 1380 1712 7.

1044 1724 1114 1754 Nec
1122 1726 1259 1762 pluteum
1276 1724 1379 1763 credit]
1402 1724 1483 1754 Tale
1496 1724 1635 1755 Carmen
1648 1732 1715 1754 non
1731 1728 1836 1754 osten-

1001 1767 1047 1797 dit
1073 1777 1259 1807 percussum
1283 1770 1298 1797 a
1318 1768 1478 1806 Scriptore
1494 1768 1661 1806 pluteum,
1684 1768 1711 1796 ά
1730 1767 1836 1806 pulsa-

1002 1817 1073 1840 tum
1087 1821 1148 1850 pne
1166 1811 1400 1850 indignatione,
1424 1811 1511 1850 qnod
1524 1811 1654 1840 animus
1667 1809 1707 1839 ad
1723 1815 1836 1839 votum

1003 1863 1069 1883 non
1097 1859 1288 1893 suggereret.
1334 1853 1424 1886 Quin
1457 1855 1511 1883 ille
1540 1853 1651 1891 parum
1679 1852 1838 1883 sollicitus

1002 1896 1063 1927 fuit
1080 1898 1180 1937 quain
1196 1899 1309 1935 bonos,
1334 1898 1388 1928 scd
1405 1897 1505 1935 quam
1530 1896 1648 1926 multos
1677 1897 1704 1925 &
1729 1895 1836 1925 faciles

1002 1939 1151 1970 funderet
1166 1951 1283 1977 νει-5ης,
1299 1941 1385 1970 unde
1399 1950 1456 1969 nec
1472 1940 1589 1969 mirum
1604 1939 1630 1968 si
1643 1948 1838 1976 exsuccum,

1003 1984 1135 2022 enerve,
1160 1985 1187 2013 <Sc
1204 1985 1336 2013 elumbe
1356 1991 1485 2013 carmen
1507 1989 1566 2019 est,
1591 1981 1677 2021 quod
1693 1982 1760 2011 sine
1783 1982 1838 2012 de-

1004 2025 1107 2065 lectu,
1129 2027 1198 2056 sine
1225 2027 1344 2065 labore,
1368 2027 1436 2056 sine
1461 2025 1625 2054 anxietate
1651 2025 1751 2054 animi
1776 2024 1839 2055 fuit

1006 2071 1233 2108 compositum.
1280 2070 1421 2101 Quintil.
1447 2069 1503 2098 lib.
1529 2067 1579 2098 10.
1605 2076 1677 2106 cap·
1703 2068 1735 2097 8.
1761 2068 1841 2098 citat

1005 2111 1094 2141 hunc
1111 2112 1204 2142 Persii
1219 2114 1337 2143 locum.

1049 2155 1116 2185 Nec
1142 2156 1290 2185 demorsos
1316 2156 1397 2194 sapit
1424 2152 1560 2196 ungues]
1584 2154 1648 2184 Prae
1674 2154 1841 2184 anxietate

1005 2199 1109 2228 animi
1124 2198 1155 2228 in
1174 2199 1331 2237 profunda
1346 2199 1554 2228 meditatione
1570 2197 1681 2234 defixi,
1704 2197 1840 2236 diligen-

1006 2247 1053 2271 ter
1067 2243 1094 2271 ὅι
1111 2244 1257 2273 accurate
1272 2242 1406 2272 scribere
1417 2240 1571 2277 volentis3
1597 2249 1662 2270 non
1679 2240 1842 2279 probantis

1006 2285 1140 2315 omnino
1166 2294 1238 2323 qua:
1265 2286 1398 2324 seripsit,
1433 2294 1469 2314 ac
1497 2283 1627 2313 meliora
1658 2283 1841 2322 quaerentis.

1007 2327 1104 2360 Quod
1119 2328 1194 2357 boni
1210 2329 1311 2359 Po‘etae
1328 2328 1442 2358 solent.
1494 2356 1503 2361 ,

1008 2371 1120 2401 Horat.
1142 2371 1196 2402 lib.
1216 2373 1243 2402 1.
1268 2374 1333 2402 Sat.
1354 2374 1403 2400 10.

1354 2414 1399 2443 Et
1415 2414 1446 2443 in
1460 2412 1698 2451 versufaciemlo

1080 2457 1165 2497 Saepe
1191 2462 1284 2498 caput
1311 2457 1458 2496 scaberet,
1486 2456 1568 2486 vivos
1597 2458 1620 2494 ξ
1643 2456 1761 2485 roderet
1789 2464 1844 2485 un-

1130 2511 1217 2541 gaes.

1054 2545 1124 2574 107.
1149 2545 1211 2574 Sed
1223 2544 1298 2583 quid
1311 2554 1397 2583 opus,
1421 2541 1487 2584 «30]
1522 2542 1671 2573 Rationes
1685 2552 1757 2572 suas
1774 2543 1843 2574 elu-

1009 2597 1056 2616 sas
1086 2588 1104 2616 ἐι
1127 2587 1232 2618 Persio
1257 2587 1514 2618 animadvertens
1543 2587 1684 2615 monitor
1710 2586 1844 2616 adhibet

1011 2631 1125 2668 minas,
1144 2637 1180 2660 ut
1194 2631 1211 2659 a
1224 2631 1344 2660 satirica
1358 2630 1524 2660 dicacitate
1538 2639 1615 2659 eum
1632 2629 1799 2659 deterrent.

1057 2673 1186 2703 Teneras
1201 2673 1372 2712 auriculas]
1405 2674 1508 2702 Aures
1533 2672 1669 2701 Neronis
1693 2673 1721 2702 δε
1749 2673 1844 2702 nobi-

1010 2717 1091 2746 lium
1108 2716 1327 2747 Romanorum
1344 2716 1596 2756 reprehensionis
1607 2716 1822 2752 impatientes.

1053 2759 1198 2788 Mordaci
1223 2759 1307 2798 vero]
1330 2759 1411 2789 Tuis
1432 2759 1537 2788 Satiris
1563 2758 1701 2788 nimium
1723 2759 1845 2788 veraci-

1010 2802 1084 2840 bus,
1117 2803 1233 2840 quibus
1261 2803 1328 2832 sine
1354 2802 1421 2831 ulla
1444 2802 1639 2839 cujusquam
1670 2801 1846 2831 reverentia

1011 2854 1085 2874 suos
1099 2846 1219 2884 cuique
1243 2847 1340 2875 etiam
1368 2845 1493 2874 nolenti
1516 2853 1633 2874 errores
1660 2844 1799 2873 ostendis
1815 2846 1845 2875 δι

1011 2889 1183 2927 exprobras
1197 2889 1321 2924 acriter,
1347 2888 1440 2924 salse,
1463 2887 1599 2917 satirice.

1054 2929 1194 2971 Radere]
1219 2930 1368 2969 Metaph.
1394 2931 1411 2959 a
1435 2930 1610 2969 Chirurgis,
1634 2930 1691 2968 qui
1714 2930 1847 2960 vulnera
1891 2926 1896 2933 ⁸

1013 2975 1142 3013 putrida
1157 2975 1262 3004 cultro
1278 2973 1392 3003 radunt
1414 2983 1451 3003 ac
1476 2978 1626 3013 purgant,
1651 2974 1693 3011 ἃ,
1714 2974 1740 3002 si
1763 2982 1847 3012 opus

1013 3022 1072 3055 est,
1095 3023 1214 3047 secant.

1060 3060 1131 3090 109.
1156 3058 1279 3088 Limina
1297 3058 1493 3099 frigescant]
1527 3059 1624 3088 Time
1652 3058 1848 3097 potentiores

1014 3103 1059 3134 ita
1075 3101 1212 3140 offensos
1226 3102 1355 3140 habere,
1380 3108 1415 3132 ut
1431 3101 1544 3142 frigide
1560 3110 1591 3132 tc
1608 3102 1786 3142 excipiant,
1808 3101 1849 3130 ab
