1948 3281
109 65 167 113 53

631 65 656 109 J
664 66 962 110 UVENALIS
995 64 1209 111 SATIRA
1234 67 1291 112 V.

109 155 157 184 θεῖ
172 154 328 186 Tiberinus
343 156 443 196 hyeme
471 156 713 197 lamuli-*Aut
732 157 858 212 glacie
875 171 1055 211 aspersus
1078 156 1246 198 maculis
1262 155 1489 208 Tiberinus,
1523 156 1563 199 8c
1582 157 1665 213 ipse

109 202 243 232 notatus,
255 200 390 235 idemque
404 200 537 229 littorum
551 211 606 230 ser-

109 249 176 277 ras,
197 244 315 274 fluente
341 242 505 271 colluvione
529 244 607 279 sagi*

624 213 801 254 Vernula
822 214 993 267 riparum
1012 213 1172 269 pinguis
1193 222 1365 253 torrente
1387 213 1537 264 cloaca,

1714 210 1794 260 105.

109 286 209 321 natus,
239 287 326 321 atque
354 289 488 314 assuetas
513 275 610 314 sumre
624 271 676 309 Et
699 270 839 309 solitus
860 269 1005 310 mediae
1027 279 1204 324 cryptam
1228 279 1426 322 penetrare
1441 270 1643 312 Suburrae.

109 334 267 354 “wewam
312 327 414 355 medioe
460 327 607 356 Suturroe.
625 326 708 378 Ipsi
731 339 857 379 pauca
879 324 1014 375 velim,
1046 325 1204 366 facilem
1227 324 1259 365 si
1281 325 1452 377 praebeat
1474 340 1635 367 aurem:

110 366 169 396 Illi
182 377 314 405 cuperem
328 378 383 397 non
399 371 493 398 multa
509 371 609 407 loqui,

108 409 137 437 si
156 411 335 438 commodam
353 415 475 449 proestet
490 412 609 440 auricu-

622 382 760 422 Nemo
783 382 895 435 petit,
915 381 1086 422 modicis
1109 396 1201 435 quae
1222 379 1484 421 mittebantur
1503 382 1642 423 amicis

110 450 181 480 lam.
224 452 338 481 Nullus
366 454 383 481 εἰ
413 460 445 482 te
476 437 661 491 postulatA
685 438 861 488 Seneca3
895 452 987 493 quae
1011 437 1100 479 Piso
1124 439 1270 487 bonus,
1293 451 1386 491 quae
1406 435 1528 479 Cotta
1548 438 1699 479 solebat

110 494 234 531 eadem,
272 505 336 532 qu‘e
376 495 488 524 Seneca
517 496 608 524 dabat
624 494 805 534 Lara-iri:

100 535 314 571 ,familiaribus
334 538 446 576 egenis,
473 547 531 566 nec
545 547 608 575 quae
700 528 726 548 Ο

109 577 182 606 Piso
198 579 354 618 benignus,
367 588 425 608 nec
436 589 499 617 quae
517 578 607 608 Cotta

108 620 219 650 donare
248 626 447 650 consueverat.

840 509 1015 550 namque
1040 494 1078 534 &
1099 493 1242 544 titulis,
1268 493 1306 533 &
1325 493 1499 533 fascibus
1522 494 1620 535 olim

622 550 758 604 Major
778 549 996 591 habebatur
1012 550 1189 591 donandi
1206 549 1330 605 gloria
1349 565 1359 588 :
1393 549 1524 590 solum

509 619 607 653 Quon.
623 606 848 657 poscimus,
873 618 916 648 ut
939 622 1075 649 coenes
1098 606 1276 647 civiliter.

1711 492 1791 535 110

1339 607 1436 647 Hoc
1456 606 1556 655 face,
1578 606 1617 646 &
1638 615 1739 657 esto,

110 662 180 691 dam
210 664 314 692 etenim
346 664 433 691 dem
459 663 609 702 largiendi
621 663 721 702 Esto
743 665 806 716 (ut
828 678 937 704 nunc
955 663 1091 715 inulti)
1121 663 1228 704 dives
1253 661 1339 712 tibi,
1359 676 1505 716 pauper
1521 662 1675 704 amicis.

104 704 207 742 pluris
221 705 433 740 (estimabatur,
447 706 544 743 quarn
560 707 608 735 tel

109 747 251 786 insignia,
282 747 328 776 vel
344 747 461 783 fasces.
513 745 607 776 Unum

621 718 787 760 Anseris
810 729 900 760 ante
921 719 1056 775 ipsum
1078 719 1213 775 magni
1229 718 1359 774 jecur,
1384 718 1588 759 anseribus
1611 733 1680 772 par

107 797 260 827 rogamus,
289 793 322 818 ut
338 789 464 826 epuleris·
484 790 606 819 arbane.
647 791 688 820 Id
698 796 824 829 praesta,
850 792 958 830 sisque,
982 792 1024 822 sis
1038 791 1301 832 (quemadmodum
1323 789 1408 820 hodie
1432 789 1615 830 complures)
1636 789 1795 829 opulentus

108 831 176 868 tibi,
188 831 498 870 egensffimiliaribus.
543 833 626 862 Ante
640 833 726 863 illum
738 833 829 873 hepar
842 834 976 873 ingentis
988 837 1112 873 anseris,

154 916 224 945 104.
270 915 392 954 Glacie]
416 916 552 955 Hyemis
567 918 652 947 enim
671 920 698 948 &-
714 918 834 957 frigoris
849 924 928 948 tem-

109 967 186 997 pore
203 959 257 988 has
273 959 445 988 creduntur
458 959 596 989 maculas
612 962 806 990 contrahere.

152 1001 299 1039 Asper-sus
326 1001 464 1039 maculis]
488 1002 551 1031 Cui
581 1008 691 1032 venter
719 1004 808 1032 albus
838 1004 931 1042 nigris

110 1048 157 1072 est
172 1044 253 1072 notis
271 1044 452 1073 maculosus
466 1055 475 1082 3
503 1045 645 1083 hincque
661 1045 748 1074 vilior
764 1045 933 1077 indicatur.

109 1084 194 1115 Nam
221 1086 363 1124 optimus
391 1086 457 1124 ille,
494 1087 551 1125 qui
580 1093 664 1116 caret
694 1088 759 1116 istis
787 1089 933 1126 maculis,

114 1131 196 1157 teste
214 1128 392 1158 Columella
407 1129 462 1157 lib.
477 1129 506 1159 9.
530 1139 598 1167 cap.
621 1131 669 1159 17.

156 1169 325 1210 Tiberinus]
364 1170 488 1209 Lupus,
512 1178 567 1200 aut
582 1172 684 1209 quivis
698 1173 777 1202 alius
792 1173 809 1201 ὲ
824 1171 932 1202 Tiberi

112 1221 207 1244 amne
224 1213 327 1251 piscis,
351 1222 448 1251 quem
465 1219 609 1251 tempore
632 1213 799 1244 Juvenalis
822 1215 930 1244 Romae

111 1255 207 1283 vilem
234 1254 328 1284 fuisse
352 1256 601 1285 existimandum
618 1263 673 1285 cst.
716 1256 800 1286 Nam
813 1257 932 1296 alioqui

111 1296 251 1326 blacrob.
281 1296 334 1326 lib.
349 1299 377 1327 3.
404 1307 472 1336 cap.
502 1298 551 1327 16.
593 1298 746 1328 Tiberinas
772 1299 877 1337 lupos,
903 1301 929 1329 ἀ

111 1348 222 1368 omnes
238 1349 278 1368 ex
305 1339 365 1369 hoc
394 1339 493 1369 fluvio
519 1341 614 1378 pisces
639 1342 671 1370 in
693 1342 813 1370 deliciis
830 1343 856 1370 81
873 1342 930 1371 110-

111 1390 188 1410 nore
204 1381 299 1410 fuisse
312 1382 457 1419 affirmat,
481 1390 659 1422 testemque
675 1384 805 1413 adhibet
821 1384 930 1414 Varro-

111 1433 212 1461 nem,
237 1423 343 1453 subdit
368 1431 476 1454 tamen
503 1426 643 1464 ignorare
669 1436 714 1463 se,
736 1436 791 1455 cur
806 1426 864 1456 illis
888 1427 931 1456 ita

112 1467 217 1495 visum
245 1466 350 1496 fuerit.
397 1467 516 1497 Plinius
547 1468 641 1498 etiam
672 1469 769 1498 1ib.9.
792 1479 861 1507 cap.
878 1470 928 1498 54.

111 1508 208 1547 lupos
222 1507 387 1539 Tiberinos
410 1510 624 1548 commendat,
648 1521 700 1540 eos
715 1512 858 1540 maxime
875 1512 931 1550 qui

112 1550 193 1580 duos
208 1551 291 1580 inter
307 1556 420 1590 pontes
436 1554 520 1591 capti
545 1559 646 1583 essent
660 1564 669 1591 3
694 1554 732 1582 ob
754 1563 872 1593 aquam
889 1555 930 1583 ibi

113 1593 348 1624 concitatiorem
380 1595 554 1633 nimimm3
577 1596 664 1634 quod
695 1596 777 1626 idem
809 1596 932 1626 Macro-

113 1635 186 1665 bius
214 1636 323 1666 laudat
351 1636 479 1666 ibidem.
538 1638 681 1668 Lucilius
711 1639 833 1678 pariter.
890 1638 931 1668 Et

112 1677 269 1708 Horatius
285 1679 337 1708 lib.
353 1680 381 1709 9.
410 1679 474 1709 Sat.
489 1681 520 1710 2.
543 1681 588 1709 sic
604 1681 697 1710 habet
711 1692 718 1710 :

201 1741 209 1750 .
259 1744 265 1749 .
311 1720 414 1759 Lupus
428 1721 476 1750 hic
496 1722 653 1752 Tiberinus
667 1723 698 1752 in
712 1723 777 1753 alto

202 1762 317 1802 Captus
332 1763 405 1801 hiet,
415 1769 560 1803 pontesne
572 1764 811 1804 intvjactatus,
835 1768 892 1796 dcc.

114 1804 196 1835 Vide
208 1807 341 1836 eximias
354 1807 444 1845 piscis
460 1808 530 1846 lupi
542 1808 630 1836 dotes
644 1809 728 1846 apud
740 1810 933 1839 Athenaeum

114 1848 170 1877 lib.
187 1851 214 1878 7.
237 1858 306 1887 cap.
324 1852 372 1879 Π.
401 1850 454 1879 ubi
470 1852 497 1879 ἃ·
524 1850 659 1889 piscium
682 1851 934 1889 sapientissimus

111 1890 139 1920 is
156 1891 340 1921 celebratur.

161 1934 230 1963 105.
259 1932 389 1963 Vernula
411 1935 558 1974 riparum]
591 1935 652 1965 Vel
675 1945 802 1966 coenosa
830 1938 931 1966 littora

116 1982 311 2014 consectans,
343 1978 444 2015 iisque
470 1978 612 2007 addictus
637 1979 789 2016 mancipii
815 1980 935 2018 instar,

117 2019 178 2054 vel,
201 2025 292 2048 natus
316 2028 412 2047 verno
438 2026 581 2059 tempore
606 2021 640 2049 in
666 2021 756 2058 ripis:
780 2021 822 2050 sic
845 2022 931 2051 enim

111 2061 240 2098 ⁵proprie
257 2071 349 2090 verna
366 2061 490 2092 dicitur.

159 2101 285 2141 cloaca]
309 2103 458 2133 Sordibus
474 2105 546 2134 inde
563 2105 775 2135 manantibus,

158 2145 233 2174 106.
258 2146 414 2184 Cryptam]
457 2147 634 2185 Forniccm,
649 2157 706 2177 seu
722 2154 844 2178 meatus
860 2150 931 2179 sub-

114 2191 282 2226 terraneos,
307 2199 360 2227 per
377 2198 456 2227 quos
480 2190 562 2220 urbis
588 2190 691 2219 sordes
713 2199 885 2228 egeruntur
901 2193 932 2221 in

111 2229 262 2260 Tiberim.

155 2272 307 2311 Suburrae]
330 2273 386 2304 Est
402 2275 489 2306 vicus
513 2277 540 2304 Sc
567 2277 651 2315 regio
667 2277 750 2306 urbis
765 2286 825 2314 prae
842 2281 934 2306 caete-

113 2314 152 2344 ris
164 2316 341 2346 immunda.
386 2316 470 2348 Vide
484 2318 547 2349 Sat.
560 2319 590 2347 3.
614 2329 643 2349 v.
660 2320 688 2348 5.
712 2320 739 2349 ἃ·
765 2318 845 2350 Pers.
864 2319 927 2350 Sat.

113 2358 144 2385 5.
165 2367 192 2386 v.
207 2359 259 2388 32.

157 2401 227 2430 107.
249 2400 330 2441 Ipsi]
355 2402 482 2433 Virroni
496 2414 596 2434 avaro.

156 2443 225 2471 108.
253 2444 324 2476 Quoe
338 2445 536 2476 mittebantur
557 2446 691 2476 amiciscz
704 2445 830 2484 Seneca]
853 2445 928 2476 Non

113 2485 251 2521 petimus
269 2492 305 2516 ut
320 2490 360 2516 sis
376 2489 467 2527 ‘ecque
483 2490 586 2529 largus
607 2490 641 2518 in
657 2496 727 2519 tuos
742 2489 883 2524 clientes,
908 2491 926 2518 ὀ

114 2524 216 2563 Virro,
241 2537 275 2556 ac
286 2529 349 2559 fuit
365 2539 436 2570 erga
451 2541 523 2561 suos
540 2533 671 2561 Seneca.

160 2570 229 2598 109.
254 2571 378 2609 Seneca]
402 2574 440 2602 L.
468 2575 613 2604 Annaeus
644 2575 778 2612 Seneca,
800 2574 928 2604 Cordu-

113 2609 228 2647 bensis,
253 2611 332 2641 inter
350 2615 468 2645 Stoicos
484 2626 609 2646 morum
635 2618 799 2647 sanctitate
815 2617 929 2654 clarus,

112 2650 247 2681 Neronis
279 2654 462 2695 Praeceptor,
497 2659 670 2689 Pisonianae
706 2660 931 2697 conjurationis

113 2695 230 2724 invidia
245 2704 398 2734 aspersus,
421 2700 458 2728 ab
474 2701 542 2738 ipso
556 2703 662 2736 jussus
678 2702 771 2739 mori,
802 2702 930 2731 insectis

114 2738 200 2766 venis
215 2743 394 2768 constanter
406 2741 470 2769 vita
486 2745 627 2773 excessit.
664 2745 740 2774 Fuit
754 2750 862 2773 autem
877 2743 930 2772 ille

111 2779 198 2808 dives
214 2779 343 2817 perinde
358 2790 392 2810 ac
410 2784 587 2813 munificus.
634 2787 728 2816 Corn.
744 2786 846 2815 Tacit.
859 2786 929 2815 An-

110 2821 173 2850 nal.
206 2823 257 2859 14,
274 2823 302 2851 &
328 2824 375 2853 15.
393 2823 432 2852 de
459 2825 578 2855 Seneca
602 2828 673 2858 vide
697 2830 802 2867 plura,
819 2828 931 2858 Sat.8.

110 2872 172 2893 ver.
186 2864 260 2894 212.

151 2905 234 2943 Piso,
260 2905 368 2947 Cotta]
409 2907 445 2937 C.
475 2908 543 2938 Piso
570 2910 763 2949 Calpurnius
792 2911 927 2942 Claudio

107 2946 301 2985 Imperatore
315 2950 445 2979 celebris
460 2958 524 2980 erat
547 2952 731 2982 liberalitate
754 2955 782 2983 &
799 2953 926 2983 munifi-

106 2989 211 3018 centia
226 3002 231 3018 z
257 2992 375 3028 pariter
389 2993 417 3021 ὃ(
434 2993 585 3023 Aurelius
604 2994 694 3022 Cotta
711 2995 770 3024 sub
789 2995 927 3028 Nerone.

107 3029 160 3062 De
174 3031 235 3062 hoc
246 3033 347 3065 Tacit.
358 3034 476 3067 Annal.
493 3035 522 3065 6.
536 3035 576 3065 de
586 3035 653 3074 iilo,
667 3035 718 3072 lib.
733 3038 925 3076 151uterque

972 921 1046 949 vero
1063 920 1169 950 Roma:
1187 919 1276 949 valde
1290 918 1402 948 nobilis
1416 929 1424 947 z
1450 919 1476 947 δε
1494 917 1647 948 Pisonum
1659 917 1788 957 quidem

974 972 1072 1001 genus
1098 963 1136 991 ad
1161 963 1301 992 Numam
1325 959 1524 990 referebatur.
1568 960 1662 989 Unde
1677 961 1791 990 Horat.

974 1005 1008 1034 in
1025 1005 1093 1034 Art.
1109 1005 1193 1034 Por—t.
1239 1004 1364 1032 Pisones
1391 1003 1433 1032 ita
1461 1002 1651 1040 compellat:
1683 1001 1749 1041 Vos,
1771 1002 1790 1031 ὅ

973 1047 1138 1085 Pompilius
1152 1046 1285 1085 sanguis.

1020 1091 1091 1119 110.
1121 1088 1250 1125 Titulis]
1274 1087 1468 1124 Honoribus,
1483 1086 1684 1126 imaginibus,
1700 1087 1787 1116 nobi-

975 1131 1076 1161 litate.

1018 1173 1171 1211 Fascibus]
1201 1172 1380 1211 Insignibus
1403 1171 1657 1209 Magistratuum.
1704 1171 1790 1203 Nam

976 1215 1130 1246 Dictatori
1157 1216 1266 1254 viginti
1282 1220 1427 1252 quatuor,
1453 1213 1585 1244 Consuli
1607 1213 1789 1250 duodecim,

975 1258 1157 1288 Proconsuli
1171 1258 1197 1286 ἃ
1223 1257 1345 1287 Praetori
1361 1265 1417 1285 sex
1431 1255 1552 1285 lictores
1567 1255 1791 1291 cumfuse-ibus

974 1301 1178 1339 apparebant.
1226 1298 1428 1335 Porrofasces
1442 1299 1488 1327 1111
1506 1298 1691 1327 constabant
1701 1306 1790 1328 secu·

975 1344 1070 1381 ribus,
1087 1345 1113 1372 ἃ·
1130 1342 1221 1380 virgis
1232 1341 1249 1371 ὲ
1273 1341 1382 1371 betula
1395 1341 1526 1378 quidem
1548 1340 1656 1369 arbore
1669 1338 1687 1368 ὲ
1709 1339 1788 1370 Gal-

974 1385 1015 1414 lia
1037 1386 1070 1415 in
1083 1385 1202 1414 Italiam
1218 1385 1257 1414 ad
1277 1384 1307 1413 id
1320 1382 1480 1420 translata,
1506 1386 1586 1411 teste
1609 1381 1709 1411 Plinio
1730 1382 1787 1412 lib.

977 1427 1027 1457 16.
1058 1438 1126 1466 cap.
1144 1427 1193 1457 18.
1220 1428 1276 1456 ubi
1299 1425 1468 1455 terribilem
1490 1434 1559 1453 eam
1575 1429 1677 1453 vocat.
1724 1424 1788 1454 Cir-

974 1471 1150 1510 cumligatis
1177 1474 1286 1499 autem
1310 1468 1401 1506 virgis
1432 1467 1574 1505 pluribus
1599 1467 1641 1495 ita
1673 1467 1789 1496 securis

974 1522 1038 1542 una
1053 1512 1282 1549 includebatur,
1306 1516 1343 1540 ut
1365 1509 1435 1540 ferri
1459 1510 1539 1539 acies
1558 1509 1591 1538 in
1606 1509 1789 1539 summitate

972 1555 1105 1585 fascium
1120 1555 1284 1584 emineret.
1332 1552 1399 1582 Cur
1412 1552 1457 1581 illi
1472 1551 1542 1581 vero
1557 1549 1653 1580 fasces
1664 1550 1788 1588 colliga-

974 1603 1081 1627 rentur
1093 1598 1184 1627 docet
1198 1598 1231 1627 in
1252 1596 1409 1626 Problem.
1455 1593 1655 1630 Plutarchus,
1670 1593 1788 1631 nempe

972 1640 1047 1669 hinc
1070 1640 1259 1679 significatur
1285 1637 1478 1677 praecipitem
1499 1645 1564 1665 esse
1589 1644 1656 1664 non
1677 1634 1791 1664 debere

972 1682 1170 1722 Magistratus
1196 1683 1284 1719 iram,
1310 1680 1363 1709 sed
1400 1678 1604 1708 cunctatione
1634 1678 1662 1706 δι
1689 1677 1790 1716 mora,

976 1725 1054 1754 dum
1081 1725 1197 1754 sensim
1224 1725 1317 1763 virgae
1354 1722 1531 1758 solvuntur,
1572 1724 1728 1749 maturam
1760 1721 1789 1749 ὃς

976 1768 1171 1805 sapientem:
1211 1766 1359 1805 additque
1387 1763 1504 1794 ibidem
1533 1762 1623 1801 virgis
1650 1761 1791 1810 castigari

978 1819 1048 1847 quae
1064 1809 1172 1850 corrigi
1188 1814 1330 1849 possunt,
1355 1816 1427 1846 qua:
1444 1805 1514 1836 vero
1529 1814 1608 1842 non,
1631 1804 1788 1834 securibus

976 1852 1112 1891 praecidi.
1722 1888 1728 1894 ⁶

1023 1896 1093 1925 112.
1120 1895 1227 1925 Coenes
1239 1891 1380 1929 civiliter]
1416 1890 1590 1920 Communi
1603 1898 1678 1918 cum
1690 1888 1789 1919 clien-

975 1937 1061 1967 tibus
1086 1937 1208 1974 mensa,
1234 1934 1457 1966 communibus
1483 1933 1559 1961 item
1585 1931 1700 1970 epulis,
1724 1931 1788 1960 sive

975 1980 1037 2009 sint
1051 1980 1099 2008 hae
1122 1981 1207 2017 viles,
1223 1988 1279 2008 seu
1295 1977 1399 2006 lautae.
1447 1975 1498 2003 Sic
1515 1975 1600 2004 enim
1617 1973 1674 2002 erit
1685 1973 1788 2020 salvus

975 2022 1077 2052 honor
1090 2022 1252 2052 clientum.
1298 2019 1429 2057 Quippe
1454 2016 1578 2046 videtur
1600 2017 1787 2053 injuriosum

975 2064 1060 2102 quod
1076 2065 1144 2094 aliis
1155 2063 1286 2102 dapibus
1306 2061 1391 2090 dives
1407 2060 1569 2095 Patronus,
1583 2058 1649 2087 aliis
1661 2058 1789 2088 clientes

976 2107 1005 2135 <Sc
1020 2107 1113 2136 amici
1124 2106 1162 2136 ad
1178 2113 1303 2135 coenam
1316 2102 1416 2132 vocati
1427 2103 1461 2131 in
1476 2101 1586 2130 eadem
1600 2109 1710 2129 mensa
1723 2109 1789 2129 ves-

975 2154 1098 2178 cantur.
1144 2149 1228 2177 Vide
1244 2147 1324 2176 Plin.
1341 2145 1395 2174 lib.
1414 2145 1445 2173 2.
1462 2144 1562 2182 Epist.
1579 2142 1611 2172 6.
1626 2142 1680 2171 ubi
1693 2142 1735 2170 ait
1751 2141 1791 2171 de

975 2200 1068 2220 coena
1081 2191 1237 2230 quadam:
1263 2197 1334 2218 eam
1348 2187 1445 2217 fuisse
1470 2184 1628 2215 sordidam
1642 2185 1739 2214 simul
1761 2185 1789 2213 &

975 2239 1218 2271 sumptuosam:
1244 2240 1319 2261 narn
1333 2230 1392 2259 sibi
1415 2230 1444 2258 &
1462 2229 1568 2267 paucis
1583 2228 1689 2265 opima
1704 2235 1789 2265 quae-

975 2275 1047 2305 dam
1064 2277 1089 2305 is
1110 2277 1166 2315 qui
1181 2274 1377 2310 invitaverat,
1392 2270 1466 2301 vilia
1487 2269 1604 2300 caeteris
1621 2270 1647 2298 ἃ»
1665 2269 1789 2299 minuta

974 2318 1125 2356 ponebat.
1171 2317 1296 2346 Vinum
1321 2316 1418 2344 etiam
1440 2313 1527 2343 aliud
1547 2311 1604 2341 sibi
1632 2312 1661 2339 δι
1686 2310 1789 2349 nobis,

972 2361 1057 2389 aliud
1081 2360 1254 2390 minoribus
1278 2357 1400 2392 amicis,
1426 2355 1510 2386 aliud
1525 2354 1586 2383 suis
1609 2353 1788 2391 nostrisque

970 2403 1099 2437 libertis,
1115 2405 1174 2432 διε.
1220 2401 1262 2430 Et
1277 2398 1413 2428 Martial.
1438 2398 1493 2427 lib.
1508 2397 1540 2426 8.
1556 2395 1717 2434 Epigram.
1734 2395 1788 2426 59.

1058 2445 1133 2475 Cum
1148 2453 1234 2473 vocor
1247 2441 1289 2471 ad
1302 2449 1428 2477 coenmn,
1443 2442 1492 2478 550.

1099 2487 1162 2517 Cur
1174 2485 1244 2514 mihi
1256 2493 1314 2513 non
1323 2482 1422 2511 eadem
1435 2492 1499 2521 quoe
1511 2479 1566 2510 tibi
1578 2488 1663 2509 coena
1673 2479 1786 2509 datur?

1060 2531 1168 2562 Ostrea
1184 2532 1217 2557 tu
1232 2525 1333 2564 sumis,
1348 2527 1400 2564 ξε.
1440 2544 1450 2556 .

1061 2613 1123 2644 Cur
1136 2593 1206 2643 sine·
1215 2616 1244 2641 te
1257 2589 1353 2648 cceno,
1367 2587 1432 2638 cum
1452 2612 1559 2645 tecum,
1573 2606 1711 2645 Pontice,
1726 2616 1789 2637 σαε-

1221 2655 1235 2676 2

1017 2701 1089 2730 113.
1123 2665 1225 2727 Ιτὶιὶῗξε.
1244 2696 1311 2734 tihi,
1330 2703 1448 2734 pauper
1469 2691 1585 2730 amicis]
1629 2690 1788 2722 Caeterum

974 2742 1030 2772 tibi
1055 2742 1148 2771 liceat
1172 2739 1301 2779 quando
1329 2738 1413 2766 solus
1437 2735 1506 2772 ern,
1529 2734 1651 2772 epulari
1677 2733 1786 2781 lant-ej

973 2785 1063 2823 parce
1086 2783 1172 2820 vero,
1198 2780 1326 2821 quando
1340 2788 1416 2808 cum
1432 2778 1510 2825 alii5‚
1537 2776 1567 2805 δι
1583 2786 1658 2806 cum
1674 2775 1789 2805 famili-

972 2827 1092 2856 aribus:
1117 2823 1292 2855 dummodo
1314 2821 1399 2861 paria
1428 2819 1484 2849 tibi
1511 2819 1644 2857 aliisque
1670 2817 1788 2847 fercula

969 2873 1206 2907 proponantur:
1242 2865 1298 2894 has
1323 2863 1379 2893 tibi
1413 2860 1632 2891 condonamus
1654 2859 1786 2890 avaritia:

969 2911 1085 2982 soriipj..
1110 2951 1193 2981 Ante
1216 2947 1325 2988 ipsum]
1362 2947 1450 2977 Ante
1465 2952 1637 2986 patronum
1655 2941 1791 2983 quidem.

969 2998 1190 3034 apponuntur,
1206 2993 1265 3021 &c.

1010 3036 1137 3073 Anseris
1150 3031 1365 3075 magnific-ur]
1399 3031 1480 3064 Plin.
1505 3031 1560 3063 lib.
1575 3031 1626 3062 10.
1643 3036 1714 3067 cap.
1729 3026 1783 3058 22.
