1948 3281
670 80 859 123 PERSII
892 77 1113 122 SATIRA
1144 77 1231 119 ΙΙΙ.

1737 80 1819 122 301

91 175 181 236 Qui
205 174 305 218 dicit
326 171 507 224 medico,
525 171 669 228 jussus
692 170 959 227 requiescere,
984 179 1207 225 postquam
1240 169 1295 211 90
1308 170 1332 199 ῖς
1357 169 1490 199 monitus
1519 180 1634 199 vestare
1660 173 1679 200 ἁ
1710 171 1826 211 labore,

92 234 231 277 Tertia
252 231 504 288 compositas
527 230 627 271 vidit
650 244 733 270 nox
756 243 914 270 currere
938 242 1077 281 vcnaS‚

91 294 161 335 De
182 291 337 347 majore
359 291 503 341 domo,
527 287 692 330 modice
716 286 879 328 sitiente
900 287 1061 343 lagena,

93 350 224 392 Lenia
247 350 382 390 loturo
405 347 482 388 sibi
505 346 744 388 Surrentina
766 344 938 401 rogavit.

94 409 231 454 Heus,
247 406 370 457 bone,
387 415 430 446 tu
447 404 586 460 palleS.
609 403 729 446 Nihil
744 413 820 444 est.
847 402 996 445 Videas
1012 411 1149 443 tamen
1167 400 1246 443 istu

95 464 312 520 Quicquid
336 464 374 504 id
392 473 452 504 est
471 479 480 503 ε
515 461 645 519 surgit
668 461 791 503 tacite
815 460 889 501 tibi
911 460 1020 501 lutea
1042 458 1175 515 pellis.

95 523 155 563 At
178 532 223 563 tu
246 522 424 562 deterius
448 520 598 576 palles:
641 534 692 560 ne
715 518 769 560 sis
793 518 899 559 mihi
922 526 1061 559 tutor:

95 579 351 635 Jampridem
376 581 489 620 hunc
512 577 662 633 sepeli:
698 586 741 618 tu
766 586 916 617 restas:
954 590 1088 631 perge,
1113 573 1273 615 tacebo.

94 638 304 693 Turgidus
327 637 394 678 hic
418 637 563 690 epulis,
588 644 711 690 atque
732 634 824 675 albo
848 643 986 675 ventre
1008 633 1178 682 lavatur,

502 705 539 723 ne
555 693 627 723 mibi
641 694 684 723 sis
699 698 822 722 curator
835 705 845 722 :
863 692 1048 731 jamdudum
1062 692 1147 721 illum
1161 695 1248 721 terrae
1264 690 1410 719 mandari
1422 701 1431 718 :
1456 693 1489 719 tu
1513 689 1588 719 vero
1606 693 1757 729 superstes
1779 700 1810 720 es
1821 701 1831 719 .·

95 697 149 726 sed
165 699 198 726 lzc
210 696 301 734 pejus
313 696 458 734 pallescis
469 707 478 722 .-

1303 216 1465 252 postquam
1482 214 1602 251 aspexit
1618 224 1708 242 renas·
1727 226 1825 254 paca..

1308 257 1399 286 tiores
1410 256 1454 284 ire
1468 266 1522 295 per
1538 259 1598 285 tres
1620 261 1733 295 noctes,
1754 261 1825 296 jam

1308 300 1449 329 balneum
1473 299 1644 338 ingressuro
1667 301 1725 329 ,eibi
1743 305 1827 340 petit

1309 344 1384 373 vina
1404 341 1490 372 mitia
1508 343 1522 371 e*
1538 343 1686 372 Surrento
1710 345 1746 373 (Ie
1769 347 1827 377 viri

1252 400 1275 441 d
1303 386 1441 425 potentis
1465 384 1592 423 cedibus,
1620 389 1743 415 vasculo
1769 399 1828 418 me-

1274 430 1455 470 jdiocriter
1483 429 1602 468 capaci.
1662 429 1743 470 Age,
1781 433 1829 462 vii·

1239 460 1292 500 90
1308 474 1434 512 optime,
1450 476 1483 502 tu
1496 472 1638 511 pallidus
1652 483 1694 502 ες.
1740 471 1830 505 Nihil

1308 520 1365 554 est,
1389 517 1507 554 inquit.
1555 515 1701 546 Attamen
1726 519 1828 546 consi.

1309 560 1380 590 (lem
1407 559 1489 588 illud
1516 560 1724 598 quodcumque
1753 561 1832 590 illud

1308 607 1372 632 est.-
1399 613 1441 632 en
1465 603 1546 632 cutis
1572 603 1735 632 subcrocea
1762 614 1832 633 sen-

1308 648 1363 676 sim
1379 647 1433 675 tibi
1443 646 1629 675 intumescit.
1652 645 1743 675 Tum
1758 647 1827 676 ille:

90 749 282 779 prosequere,
297 739 397 770 silebo.
442 738 504 767 Ille
521 739 616 778 igitur
629 737 701 767 cibis
717 737 942 777 ingurgitatus,
960 738 981 773 ὃς
992 737 1131 774 pallente
1145 734 1215 764 alvo
1231 734 1371 764 balneum
1387 733 1480 771 subit,

143 910 254 941 Gratis
270 910 400 950 halitus]
423 909 521 940 Teter
544 915 591 940 est
614 911 642 940 δε
672 910 755 940 male
777 910 868 940 olens
889 918 941 939 eo-

100 963 172 983 rum
190 954 320 993 halitus,
336 956 394 994 qui
408 954 566 984 stomachi
579 953 737 983 cruditate
753 954 910 983 laborant.

143 997 194 1026 90.
222 995 282 1029 Qui
310 998 385 1027 dicit
407 998 536 1036 medico]
582 995 732 1036 AEgrotus
755 997 812 1035 qui
836 996 940 1025 Medi-

100 1050 175 1069 cum
202 1042 419 1079 accersiverat,
441 1043 537 1080 eique
563 1040 699 1078 dixerat,
729 1040 863 1079 inspice,
894 1040 941 1068 in-

98 1084 205 1121 spice3
233 1084 382 1123 inquam,
399 1094 456 1114 cur
468 1084 551 1114 male
568 1083 672 1113 liabeo
687 1094 696 1122 3
721 1084 840 1122 accipit
852 1092 942 1112 man-

101 1126 214 1156 datum
231 1128 462 1166 requiescendi,
478 1129 505 1157 ἃ
524 1128 541 1155 ὲ
557 1127 628 1156 cibo
642 1127 854 1165 temperandi.

143 1169 253 1199 Jussus
268 1170 470 1210 requiescere}
494 1171 579 1200 Nam
598 1176 634 1200 ut
659 1171 757 1200 habet
773 1170 945 1200 Cornelius

102 1212 215 1242 Celsus
227 1214 281 1244 lib.
294 1216 324 1243 8.
335 1224 406 1253 cap.
423 1216 453 1244 2.
466 1215 548 1244 inter
562 1214 655 1243 initia
665 1214 780 1251 morbi,
793 1213 944 1243 omniurn

101 1256 231 1294 optima
247 1258 339 1296 quies
354 1259 382 1287 ἃ·
397 1258 603 1287 abstinentia.

144 1298 313 1339 Postquam
325 1302 418 1330 tertia
432 1301 623 1339 compositas,
631 1300 697 1339 ἐξα]
709 1300 731 1330 J
735 1309 826 1330 ussus
838 1299 943 1331 fuerat

102 1342 156 1371 ille
169 1352 250 1382 aeger
268 1344 300 1373 in
319 1345 450 1374 tertium
466 1344 551 1373 diem
570 1350 749 1382 temperare
763 1344 834 1381 sibi,
850 1351 942 1373 metu

102 1386 242 1415 tertianae
261 1387 354 1416 febris
369 1399 375 1416 :
402 1393 436 1417 at
452 1387 507 1417 ubi
523 1387 666 1425 primum
682 1386 748 1416 dies
771 1388 884 1417 tertius
906 1388 942 1417 il-

101 1428 201 1467 luxit,
218 1430 247 1459 Sc
265 1430 397 1469 pulsum
413 1431 492 1460 vidit
500 1431 694 1469 aequabilem
710 1440 777 1459 esse
790 1433 817 1459 ἃ
831 1429 942 1460 mode-

101 1478 220 1510 ratum,
235 1480 305 1503 tum
320 1474 390 1503 sine
402 1474 470 1504 ullo
485 1481 577 1503 metu
591 1479 753 1512 quartana:
770 1474 943 1503 imminen-

103 1515 156 1553 tis,
170 1516 455 1556 intemperantiam
479 1518 616 1556 priorem
635 1517 765 1556 repetit,
780 1518 808 1546 δε
826 1517 860 1546 in
876 1527 943 1556 gra-

102 1558 172 1587 vius
189 1561 370 1597 periculum
387 1561 459 1590 vitae
476 1560 636 1590 relabitur.

146 1602 199 1632 91.
230 1603 418 1641 Compositas
432 1604 511 1633 vidit
527 1614 589 1633 now
605 1613 725 1633 currere
743 1603 849 1642 venas]
872 1603 944 1634 Me-

104 1646 265 1685 tonymia,
290 1647 323 1676 id
348 1653 409 1685 est,
432 1648 505 1677 eum
529 1649 598 1685 jam
626 1646 721 1676 tertia
747 1653 842 1677 nocte
864 1647 944 1677 vidit

99 1696 199 1718 venas
217 1690 245 1719 ὃ(
260 1690 388 1719 arterias
398 1691 528 1729 pulsare
544 1691 754 1729 aequabiliter,
770 1691 944 1729 moderate,

105 1730 135 1759 &
152 1733 397 1770 convenienter,
410 1741 482 1763 tum
494 1734 569 1763 vina
581 1735 701 1772 statim,
714 1733 814 1772 cibos,
831 1734 946 1764 balnea

103 1775 222 1814 cogitat
238 1777 477 1815 intempestive,
493 1784 530 1807 ut
546 1777 644 1816 prius.

151 1818 235 1848 Vidit
249 1819 324 1858 noae]
359 1820 469 1849 Noctu
495 1820 691 1859 plerumque
716 1819 820 1850 morbi
843 1821 947 1861 ingra—

104 1868 251 1900 vescum,
267 1872 392 1902 suaque
407 1870 547 1893 exerunt
561 1863 686 1893 indicia.

147 1905 200 1935 92.
226 1906 277 1934 De
290 1906 404 1945 majore
421 1906 521 1945 dunzo]
544 1907 627 1936 Petit
642 1907 681 1936 ab
697 1907 808 1946 aliquo
825 1912 945 1946 poten-

103 1948 175 1978 tiori
188 1950 306 1979 amico.

145 1991 274 2022 Medic&
299 1993 422 2023 sitiente
449 1992 578 2033 lagend]
613 1992 700 2023 Vase
724 2003 833 2032 parvo,
869 2004 947 2024 narn

103 2036 307 2073 exquisitum
324 2043 403 2076 erat,
421 2038 450 2066 ἃ·
466 2038 559 2076 parce
574 2037 709 2066 dabatur
727 2038 840 2067 vinum
857 2038 946 2075 ejus-

106 2078 206 2108 modi.

146 2121 199 2151 93.
237 2121 337 2152 Lenia
365 2123 422 2153 sibi
448 2123 645 2163 Surrentina]
681 2123 765 2154 Vina
786 2130 894 2154 vetera
919 2125 947 2153 ἄ

105 2170 244 2204 matura,
257 2166 552 2197 convalescentibus
568 2169 707 2205 optima,
733 2167 858 2206 quippe
875 2177 948 2207 quae

104 2215 175 2245 post
197 2219 323 2240 annum
348 2209 541 2249 vigesimum
567 2211 725 2248 quintum
749 2211 947 2241 biberentur.

106 2251 317 2283 Casaubonus
333 2263 376 2283 ex
391 2253 496 2283 Plinio
514 2252 698 2292 Graecisque
715 2253 857 2284 Medicis.

145 2294 345 2334 Surrentina]
370 2297 551 2327 Surrentini
565 2297 662 2326 colles
673 2297 807 2325 salubris
822 2297 887 2326 vini
900 2297 945 2327 fe-

106 2346 205 2377 races,
219 2350 320 2379 prope
334 2341 526 2370 Surrentum
547 2340 732 2378 Campania:
752 2340 866 2369 urbem
880 2349 948 2370 ma<

105 2381 256 2412 ritimam.
302 2382 386 2413 Vide
399 2384 482 2413 Plin.
500 2383 555 2412 lib.
574 2384 622 2412 14.
643 2392 711 2421 cap.
728 2382 758 2410 6.
775 2383 803 2411 Sc
820 2383 874 2413 lib.
894 2384 949 2414 23.

104 2433 174 2464 cap.
192 2426 219 2454 1.
238 2426 433 2465 Surrentina,
444 2428 562 2465 inquit,
572 2426 645 2455 vina
660 2429 754 2464 caput
767 2425 852 2454 nullo
863 2427 950 2456 modo

103 2471 227 2498 tentant
238 2480 252 2504 ‚·
275 2471 298 2508 ἐς
321 2470 470 2500 stomachi
492 2471 515 2507 [ς
538 2469 753 2498 intestinorum
768 2468 949 2499 rheumatis-

104 2520 169 2540 mos
181 2511 333 2543 cohibent.
624 2514 627 2515 ⁷

148 2553 263 2586 Loluro
275 2557 349 2596 sihi]
372 2557 452 2588 Duo
467 2561 546 2586 sunt
570 2556 682 2596 aegroti
706 2557 792 2586 illius
815 2562 949 2595 peccata

105 2603 215 2628 contra
242 2600 434 2631 valetudinis
461 2601 618 2630 rationem
632 2611 638 2629 :
676 2600 833 2638 primum,
859 2601 948 2638 quod

106 2640 229 2670 balneis
255 2650 383 2674 utatur:
416 2644 568 2681 alterum,
592 2642 681 2681 quod
709 2643 824 2672 vinum
845 2643 948 2682 bibat,

107 2685 199 2721 quasi
214 2694 322 2716 sanus.
366 2687 443 2717 Erat
455 2697 525 2716 mos
539 2686 708 2724 Antiquis‚
722 2685 845 2724 vesperi
859 2696 948 2717 exer-

107 2735 179 2756 cere
190 2737 235 2766 se,
250 2729 326 2759 inde
340 2730 456 2769 lavare,
473 2729 584 2769 postea
597 2738 734 2759 coenare.
759 2729 817 2758 Ille
830 2729 949 2759 intem-

106 2771 240 2809 pestive,
255 2773 517 2811 intemperanter,
531 2771 723 2812 praepostere
736 2772 855 2802 omnia.
867 2774 949 2803 Sue-

106 2818 175 2843 ton.
190 2815 225 2844 in
242 2816 407 2854 Augusto,
423 2827 492 2856 mp.
507 2817 560 2846 82.
609 2816 752 2853 Tantam,
767 2816 887 2854 inquit,
903 2817 949 2845 in-

96 2855 279 2892 fimitatem
291 2859 406 2899 magnii*
421 2859 496 2889 eur-(2
513 2859 665 2895 tuebatur,
681 2858 828 2897 imprimis
844 2860 950 2888 lavan-

107 2899 140 2928 di
155 2900 294 2931 raritate.

152 2943 204 2972 94.
227 2944 326 2983 Heus,
351 2945 436 2984 bone,
465 2950 498 2976 tu
517 2945 638 2986 palles]
666 2945 778 2984 Inquit
802 2944 951 2974 Medicus

109 2986 248 3016 revisens
263 2988 434 3019 hominem
449 2999 582 3029 aegrum.

151 3028 270 3068 Palles]
300 3032 404 3062 Pallor
419 3033 522 3063 morbi
536 3033 649 3063 index.

150 3072 244 3103 Nihil
254 3074 315 3112 est]
338 3074 524 3114 Respondet
539 3086 633 3117 aeger,
654 3075 738 3105 nihil
753 3075 832 3105 mali
847 3083 881 3104 se
895 3073 954 3104 ha-

109 3115 195 3154 bere,
219 3117 367 3157 adeoque
382 3119 505 3150 Medici
519 3119 805 3160 reprehensionem
821 3118 953 3157 spernit,

988 909 1016 938 8(
1041 909 1198 947 injectum
1216 908 1276 938 sibi
1295 908 1442 938 timorem
1458 908 1572 937 elevat.
1617 906 1684 940 Qui
1700 908 1735 938 in
1750 908 1835 946 gravi

987 953 1100 982 morbo
1113 953 1256 982 dolorem
1271 961 1335 981 non
1351 951 1469 988 sentit3
1488 951 1520 980 in
1536 950 1593 980 illo
1609 959 1680 990 spes
1691 953 1836 982 sanitatis

986 1002 1043 1025 aut
1060 998 1182 1036 exigua
1198 1002 1255 1025 aut
1270 995 1373 1025 nulla.
1420 994 1646 1032 Hippocrates.

1034 1038 1144 1068 ls‘ideas
1173 1043 1286 1076 tamen,
1308 1038 1375 1076 ἐξα]
1408 1038 1508 1067 Instat
1528 1038 1649 1075 peritus
1673 1037 1835 1076 Medicus,

987 1083 1109 1113 scilicet
1126 1083 1207 1112 nihil
1221 1083 1327 1120 times,
1343 1082 1419 1111 cum
1433 1082 1502 1118 jam
1518 1080 1699 1120 hydropisis
1716 1082 1835 1112 indicia

988 1127 1106 1156 habeas
1122 1127 1233 1155 omnia
1248 1138 1254 1154 :
1284 1127 1313 1155 δε
1340 1133 1456 1164 corpus
1479 1125 1678 1162 intumescit,
1696 1125 1724 1153 Sc
1741 1126 1835 1164 pellis

989 1169 1140 1200 flavescit.

1030 1215 1083 1244 95.
1109 1213 1217 1253 Surgit
1230 1210 1435 1251 luteapellis]
1470 1210 1568 1242 Quod
1591 1220 1710 1250 aquam
1735 1213 1834 1242 inter-

989 1264 1099 1286 cutem
1130 1257 1285 1296 designat.
1332 1255 1490 1292 Galenus,
1523 1253 1686 1294 AEgineta,
1712 1255 1769 1285 lib.
1801 1257 1835 1286 8.

990 1300 1115 1337 Celsus,
1131 1300 1185 1329 lib.
1203 1303 1230 1329 2>
1248 1300 1275 1328 Sc
1292 1299 1357 1329 alii.

1031 1343 1083 1373 96.
1106 1343 1151 1372 At
1168 1347 1201 1372 tu
1217 1342 1351 1372 deterius
1365 1342 1479 1382 palles]
1520 1341 1637 1371 Probra
1661 1342 1731 1379 jam
1760 1352 1835 1372 evo-

987 1386 1047 1415 mit
1074 1387 1107 1416 in
1132 1386 1302 1415 Medicum
1326 1396 1408 1424 aeger
1429 1385 1659 1415 stomachatus.
1706 1384 1733 1423 Ι,
1759 1396 1836 1416 cura

985 1429 1143 1468 teipsum,
1157 1430 1279 1468 inquit,
1295 1430 1384 1468 pejus
1399 1435 1621 1467 aegrotantem.
1646 1428 1717 1468 Ego
1728 1430 1837 1460 sanior

988 1479 1020 1502 te
1031 1483 1117 1510 sum,
1134 1474 1162 1502 δε
1178 1473 1403 1511 voluptatibus
1419 1472 1577 1502 abstinere
1593 1473 1680 1501 noio·
1706 1471 1837 1502 Pallere

987 1522 1100 1546 autem
1124 1516 1272 1546 Medicus
1298 1515 1425 1545 videtur
1451 1524 1546 1554 aegro,
1572 1515 1624 1543 vel
1640 1515 1717 1553 quia
1733 1522 1837 1546 veter-

988 1568 1081 1598 noso,
1097 1561 1202 1589 velut
1225 1564 1356 1596 arquato
1380 1558 1493 1588 inorbo
1518 1558 1675 1587 laboranti
1737 1560 1838 1597 Apud

989 1602 1138 1633 Nonium
1162 1602 1372 1640 Marcellum,
1404 1601 1498 1631 Varro
1521 1601 1771 1637 Eumenidibns5
1802 1606 1839 1632 us

988 1647 1128 1684 arquatis
1144 1649 1166 1685 ξς
1183 1646 1269 1676 lutea
1284 1656 1349 1684 quoe
1366 1656 1425 1674 non
1437 1650 1520 1681 sunt,
1537 1646 1559 1681 ἱ)-
1574 1655 1639 1683 quae
1651 1649 1736 1681 sunt,
1754 1647 1840 1675 lutea

988 1689 1128 1719 videntur
1139 1701 1148 1717 .-
1173 1690 1218 1719 εἰς
1233 1689 1351 1719 insanis
1364 1689 1435 1718 sani
1449 1691 1472 1727 ξς
1485 1688 1605 1726 furiosi
1620 1688 1761 1717 videntur
1777 1699 1840 1718 esse

990 1732 1102 1763 insani.

1035 1776 1087 1805 Ne
1112 1776 1154 1806 sis
1176 1775 1251 1805 mihi
1276 1775 1374 1814 tutor]
1396 1775 1473 1805 Jam
1499 1774 1645 1814 pupillus
1669 1784 1735 1804 non
1752 1785 1840 1814 sum,

987 1819 1069 1857 juris
1085 1820 1152 1849 mei
1167 1829 1253 1854 sum,
1268 1818 1435 1858 disciplina
1451 1819 1507 1848 tua
1522 1828 1590 1847 non
1607 1828 1696 1858 egeo.
1721 1820 1840 1860 Apage

991 1872 1140 1893 severum
1154 1864 1182 1892 δε
1200 1863 1375 1892 molestum
1393 1862 1600 1891 monitorem.

1035 1906 1087 1936 97.
1111 1906 1302 1944 Jampridem
1330 1905 1408 1934 Ιιιιηε
1434 1903 1540 1943 sepeli]
1578 1905 1738 1935 Tutorem
1761 1906 1839 1936 olim

990 1949 1093 1979 habui
1117 1950 1259 1979 similem
1289 1949 1348 1987 tui,
1379 1949 1498 1977 durum
1523 1948 1759 1987 castigatorem,
1784 1949 1841 1979 sed

991 1993 1080 2022 hunc
1091 1993 1286 2032 jampridem
1299 1995 1470 2022 mortuum
1486 1991 1620 2031 gaudeo.
1669 1992 1748 2021 Haec
1764 2001 1839 2022 ver-

991 2036 1031 2065 ba
1043 2037 1179 2075 quidam
1192 2037 1375 2065 attribuunt
1388 2034 1532 2071 Medico,
1548 2035 1640 2073 quasi
1649 2034 1744 2072 dicat,
1758 2035 1840 2065 alius

993 2087 1130 2119 aegrotus
1147 2089 1186 2109 eo
1204 2080 1329 2116 morbo,
1348 2088 1415 2117 quo
1432 2083 1468 2108 tu
1485 2078 1620 2115 laboras,
1639 2080 1706 2114 jam
1722 2079 1841 2118 periit3

991 2123 1064 2152 vide
1080 2133 1121 2153 ne
1137 2123 1224 2152 idem
1239 2123 1299 2152 tibi
1313 2122 1490 2161 contingat.
1537 2121 1600 2150 Sed
1616 2122 1700 2160 prior
1711 2127 1840 2151 senten-

992 2166 1037 2195 tia
1052 2166 1259 2204 praeferenda.

1038 2209 1086 2239 Tu
1101 2207 1216 2250 restas]
1250 2208 1343 2238 Vivis
1373 2208 1493 2246 adhuc,
1522 2209 1551 2238 δε
1582 2208 1673 2246 vivis,
1699 2214 1736 2236 ut
1759 2208 1844 2238 mihi

992 2254 1098 2290 gravia
1110 2253 1274 2292 praecipias
1287 2262 1296 2290 3
1323 2253 1351 2281 ἃ*
1369 2252 1458 2281 velut
1466 2252 1546 2281 alter
1559 2258 1644 2281 tutor
1657 2251 1740 2280 mihi
1753 2251 1840 2291 leges

993 2297 1155 2335 imponas.
1209 2295 1317 2334 Atqui
1346 2301 1390 2333 te,
1414 2300 1539 2334 tuaque
1564 2300 1725 2334 praecepta
1748 2294 1843 2325 flocci

993 2338 1087 2370 facio.

1036 2383 1150 2424 Perge,
1169 2382 1290 2421 tacebo]
1305 2382 1395 2412 Nihil
1408 2381 1546 2421 amplius
1559 2380 1843 2420 praecipio,inquit

994 2424 1158 2466 Medicus,
1187 2426 1321 2456 abscedo
1336 2436 1345 2464 3
1384 2426 1472 2463 bibe,
1500 2426 1581 2462 lava,
1612 2425 1707 2463 genio
1734 2425 1842 2456 indul-

992 2478 1042 2508 ge.
1087 2470 1182 2500 Certe
1210 2470 1298 2499 brevi
1328 2470 1458 2506 senties,
1483 2468 1599 2507 quanti
1628 2467 1670 2496 sit
1692 2477 1746 2497 me
1773 2478 1844 2498 non

992 2513 1165 2552 audivisse,
1196 2514 1225 2542 ἃ
1256 2512 1403 2542 venienti
1426 2512 1567 2541 noluisse
1590 2511 1704 2540 morbo
1728 2521 1842 2541 occur-

993 2564 1070 2586 rere.

1036 2600 1089 2630 98.
1120 2599 1276 2640 Turgidus
1298 2597 1348 2627 liic
1374 2597 1486 2636 epulis]
1512 2596 1628 2637 Itaque
1651 2603 1843 2638 contempto

992 2642 1090 2681 plane
1106 2643 1228 2673 Medici
1239 2642 1386 2677 consilio,
1400 2641 1456 2670 ille
1472 2640 1549 2671 cibis
1562 2650 1596 2670 se
1606 2641 1797 2680 ingurgitat,
1812 2643 1840 2670 Sc

993 2692 1081 2716 satur
1095 2687 1211 2716 balnea
1228 2687 1345 2715 intrat:
1370 2684 1425 2714 sed
1449 2694 1531 2714 mox
1556 2693 1622 2713 suae
1649 2685 1705 2714 dat
1726 2693 1842 2724 poenas

993 2729 1266 2768 intemperantiae.

994 2771 1149 2802 Juvenal.
1166 2774 1233 2802 Sat.
1254 2773 1266 2800 1
1283 2783 1290 2800 :

995 2813 1096 2845 Poena
1111 2819 1213 2845 tamen
1222 2824 1372 2853 praesens,
1387 2813 1454 2844 crim
1468 2816 1502 2842 tu
1516 2814 1643 2853 deponis
1658 2814 1800 2852 amictus,

999 2856 1164 2898 Turgz'dus,
1178 2860 1201 2897 «ξς
1213 2858 1339 2887 crudum
1347 2867 1498 2896 pavonem
1513 2857 1545 2886 in
1561 2856 1670 2886 balnea
1681 2861 1801 2895 portas.

995 2901 1081 2931 Hinc
1091 2902 1197 2931 subitae
1208 2905 1331 2939 mortes,
1347 2905 1439 2940 atque
1454 2901 1606 2930 intestata
1621 2902 1771 2928 senectus.

1039 2943 1120 2973 Albo
1136 2944 1256 2984 v‘entre]
1278 2945 1421 2984 Corpore
1438 2943 1571 2983 pallido,
1595 2952 1653 2972 seu
1668 2942 1709 2972 ob
1726 2942 1843 2982 hydro-

996 2988 1112 3027 pisim3
1137 2997 1196 3018 seu
1223 2990 1263 3018 ob
1288 2987 1572 3027 intemperantiam
1594 2986 1624 3014 ὅ(
1648 2985 1845 3024 voluptates.

999 3032 1122 3061 Seneca
1136 3031 1177 3061 de
1191 3031 1347 3061 brevitate
1368 3032 1454 3070 vitae,
1477 3030 1570 3068 qua'm
1592 3028 1680 3058 multi
1695 3029 1850 3060 continuis

999 3073 1209 3113 voluptatibus
1219 3074 1343 3113 pallent
1355 3075 1369 3103 !

1001 3118 1120 3148 Horat.
1134 3118 1190 3148 lib.
1206 3119 1237 3148 2.
1254 3118 1319 3148 Sat.
1334 3118 1372 3146 2:
