1948 3281
566 93 902 137 JUVENALIS
943 91 1158 135 SATIRA
1188 94 1294 136 VII.

86 187 207 229 Tunc
231 201 301 242 par
322 185 487 242 ingenio
512 184 702 240 pretium.
762 185 892 226 Nunc
917 183 1014 224 utile
1037 182 1179 224 inultis

90 245 253 295 pallere,
282 244 320 284 Sc
341 244 482 284 vinum
507 253 593 283 toto
616 241 769 284 nescire
791 241 1029 283 Decembri.

86 303 233 344 Vester
254 302 373 356 porro
394 301 505 342 labor
523 300 770 351 foecundior,
795 299 1056 340 historiarum

86 358 310 414 Scriptores
327 375 337 399 :

84 417 282 471 Namque
302 416 428 458 oblita
445 416 556 457 inodi
580 415 797 456 millesima
820 414 966 470 pagina
989 415 1118 470 surgit

86 474 310 525 Omnibus,
336 474 376 515 Sc
397 474 541 514 crescit
565 473 696 514 multa
716 473 915 513 damnosa
936 486 1100 527 papyro.

372 359 471 413 petit
491 358 556 398 liic
582 358 670 412 plus
694 358 903 412 temporis,
928 367 1049 412 atque
1072 355 1149 397 olei
1173 355 1279 412 plus.
1295 356 1351 387 ‘²¹²'-

1737 96 1816 137 129

1300 183 1373 214 Tum
1391 190 1454 214 erat
1472 194 1580 214 merces
1591 186 1715 223 oequalis
1723 187 1811 226 inpe-

1296 228 1355 256 nio.
1380 229 1427 257 At
1444 228 1527 257 modo
1544 232 1726 258 vructaosmn
1736 226 1809 268 plu-

1296 271 1379 300 rimis
1395 270 1612 308 impallescere,
1634 275 1726 309 atque
1748 283 1808 301 me-

1295 323 1359 342 rum
1375 313 1517 353 ignorare
1540 313 1660 353 integro
1684 315 1809 344 Decem-

1398 358 1440 386 At
1459 361 1559 385 vestra
1572 355 1810 394 operasertilior

1204 414 1282 455 ¹00
1293 404 1350 438 est,
1378 401 1397 428 ὁ
1431 399 1577 428 llistorici
1589 410 1597 426 :
1644 398 1705 428 lucc
1737 400 1811 438 plus

1293 453 1380 473 morae
1413 441 1544 481 plusque
1581 442 1637 471 olei
1665 443 1811 481 deposcit.

1291 486 1417 515 Etenim
1426 485 1545 515 cunctis
1551 485 1811 526 accreecitpaget-

87 529 156 572 Sic
175 531 319 587 ingens
343 547 473 572 rerum
500 545 696 572 numerus
710 529 846 585 jubet,
870 541 992 585 atque
1009 543 1178 584 operum
1197 529 1276 570 lex.
1292 529 1323 559 la
1340 529 1501 558 millesima
1524 527 1631 558 limitis
1646 529 1811 567 immemor,

84 588 194 645 Quae
218 600 352 630 tamen
373 590 465 630 inde
487 601 598 644 seges
616 589 627 628 ?
663 589 797 629 Terrae
813 588 904 643 quis
923 588 1078 628 fructus
1096 597 1243 640 apertae

85 645 192 703 Quis
215 646 325 688 dabit
349 647 543 688 historico
565 655 768 701 quantum
791 645 901 686 daret
922 654 1011 685 acta
1032 644 1182 699 legenti
1202 646 1215 684 ?

85 703 165 744 Sed
188 718 316 760 genus
339 705 549 761 ignavum,
573 703 684 759 quod
707 712 815 744 tecto
836 702 985 758 gaudet
1007 701 1047 742 δε
1069 701 1226 742 umbra.

1260 587 1272 617 >
1290 582 1328 601 ac
1342 572 1566 610 multiplicatur
1582 571 1749 610 perniciosa
1767 574 1810 602 ob

1261 620 1268 627 ·
1290 615 1427 645 chartam
1447 614 1619 653 plurimam.
1665 614 1718 644 Ita
1742 615 1809 645 vult

1290 668 1403 699 magna
1417 667 1512 687 rerum
1526 658 1624 696 copia,
1649 659 1671 695 ‘S'
1686 658 1811 696 scripti-

1289 703 1354 731 onie
1371 700 1486 741 regala.
1515 703 1660 730 Attamen
1677 701 1744 740 quis
1757 712 1811 730 ac-

1288 745 1359 774 inde
1386 745 1516 780 fructus
1528 743 1542 771 ?
1584 742 1656 776 (ἔαρ
1689 745 1812 773 utilitas

88 789 206 821 humum
228 791 409 829 proscidisse
422 791 436 820 ,9
460 791 577 829 Ecquis
591 790 782 820 historiarum
796 788 938 829 scriptori
953 788 1130 829 largiretur,
1145 792 1291 828 quantum
1307 788 1430 817 donaret
1454 790 1524 816 acta
1543 787 1724 826 perlegenti.
1768 788 1812 817 Ac

85 843 164 873 gens
177 838 220 864 est
232 835 338 875 pigra,
354 844 418 873 quae
431 833 600 863 delectatur
612 833 697 862 domo
709 837 801 872 atque
817 831 933 861 attelini.

134 942 187 973 96.
212 942 294 973 Tunc
314 952 376 981 par
401 943 525 982 ingenio
551 940 698 980 pretium]
729 941 818 971 Olim
842 943 929 981 inge-

91 985 173 1015 niosi
198 985 299 1015 Poeta:
325 987 513 1016 munoribus
538 985 799 1016 cumulabantur.
848 984 929 1014 Plin.

88 1027 143 1057 lib.
162 1029 192 1058 3.
212 1029 313 1067 Epist.
329 1030 386 1058 ult.
404 1030 446 1058 sie
462 1029 606 1067 loquitur
621 1040 626 1056 :
654 1027 726 1056 Fuit
744 1028 833 1057 moris
848 1028 928 1057 anti-

89 1071 152 1108 qui,
183 1081 231 1100 eos
253 1072 305 1111 qui
321 1074 368 1101 rel
381 1071 569 1109 singulorum
593 1071 709 1107 duint-95,
739 1070 786 1100 vel
813 1071 928 1101 urbium

88 1114 284 1154 scripserant,
312 1119 367 1145 aut
389 1115 557 1151 honoribus,
572 1119 627 1143 aut
638 1113 770 1152 pecunia
796 1125 905 1144 ornare
917 1126 927 1143 .-

89 1157 200 1187 nostris
222 1160 289 1187 vero
306 1158 498 1197 temporibus,
525 1162 557 1186 ut
573 1158 636 1186 alia
651 1157 784 1195 speciosa
802 1159 824 1195 ᾇ
840 1167 930 1197 egre-

86 1201 158 1240 gia,
182 1200 226 1230 ita
243 1200 298 1231 hoc
313 1202 460 1239 imprimis
481 1200 624 1230 exolevit.
668 1199 751 1228 Nam
767 1204 930 1239 postquam

91 1243 235 1274 desiimus
256 1245 413 1275 lamia-ada
426 1244 552 1282 facere,
572 1243 695 1273 laudari
717 1253 831 1282 qnoque
847 1244 930 1283 inep-

92 1290 156 1317 tum
167 1292 323 1327 putamus.

138 1331 230 1361 Nunc
252 1331 330 1362 utile
352 1330 471 1369 multis]
503 1330 634 1370 Legunt
657 1329 819 1365 nonnulli,
847 1333 930 1368 tunc,

92 1374 209 1404 iterum
228 1383 264 1404 ut
278 1376 318 1405 sit
334 1375 494 1413 expolitio
511 1375 620 1413 prioris
635 1373 812 1402 sententiae.
849 1373 930 1411 Alii,

92 1425 184 1451 murac,
213 1424 250 1447 ut
273 1418 313 1447 sit
335 1417 513 1455 antithesis,
538 1417 600 1447 hoc
617 1416 681 1445 fere
697 1425 811 1445 sensu:
841 1425 930 1445 nunc

94 1465 207 1490 autem
233 1460 294 1491 alia
318 1470 385 1491 non
416 1467 463 1490 est
492 1461 611 1490 utilitas
638 1459 796 1496 studiosis,
820 1464 932 1497 praeter

93 1502 199 1540 ipsum
213 1503 416 1542 studium‚ac
429 1503 527 1533 studii
542 1502 758 1540 incommoda,
771 1511 842 1541 quae
855 1507 931 1533 sunt

94 1546 225 1584 pallere,
241 1548 270 1576 &
287 1547 420 1587 genium
436 1546 630 1576 defraudare.

137 1589 190 1619 97.
215 1589 354 1628 Pallere]
377 1589 459 1619 Vide
473 1590 556 1619 Pers.
573 1591 638 1620 Sat.
652 1591 680 1618 5.
699 1599 730 1619 v.
747 1588 797 1619 62.

144 1630 253 1661 Vinum
266 1630 394 1673 nescire]
417 1633 470 1662 Ad
486 1633 662 1662 vacandum
674 1632 837 1670 scriptioni
853 1632 929 1662 libe-

96 1674 166 1704 rius.
215 1675 320 1705 Cicer·
336 1675 435 1705 Tusc.
462 1677 491 1705 5.
509 1685 542 1705 n.
559 1676 630 1705 100.
677 1674 759 1707 Quid
780 1676 868 1713 quod,
893 1686 929 1705 ne

92 1721 192 1746 mente
206 1718 325 1758 quidem
338 1718 419 1748 recte*
431 1718 642 1756 utipossztmus
655 1719 749 1746 multo
764 1718 827 1747 cibo
844 1721 928 1756 ‘Spo-

96 1761 178 1789 tione
202 1761 370 1801 completi?
404 1761 607 1791 Contrarium
629 1760 740 1790 statuit
766 1760 932 1801 Horatius,

94 1803 153 1833 lib.
171 1807 198 1834 1.
217 1805 318 1844 Epist.
338 1806 386 1836 19.
406 1805 461 1833 ubi
477 1804 630 1834 vinosum
644 1803 842 1841 Homerum,
867 1803 932 1834 En·

96 1847 272 1887 niumque,
289 1849 316 1878 δε
334 1849 411 1878 alios
427 1846 534 1877 Poetas
548 1846 695 1876 similiter
718 1846 843 1876 vinosos
867 1857 933 1878 esse

95 1889 211 1920 debere
227 1891 371 1921 affirmat.

143 1933 217 1963 Toto
229 1933 403 1972 Decembri]
418 1935 480 1964 Seu
493 1936 565 1965 cum
578 1935 641 1964 dies
654 1934 822 1973 breviores,
835 1940 933 1974 atque

96 1975 254 2016 longiores
277 1978 516 2008 lucubrationes
539 1978 645 2015 fiunt,
675 1987 732 2006 seu
761 1978 829 2015 ipso
854 1985 933 2008 teni-

96 2028 176 2057 pore
191 2021 422 2058 Saturnalium,
436 2031 502 2060 quo
518 2021 567 2050 vel
591 2020 858 2050 continentissim
881 2032 935 2061 ge-

98 2062 153 2091 nio
171 2063 354 2100 plusculum
370 2064 551 2104 indulgent.
598 2063 676 2093 Erat
690 2064 777 2093 enim
794 2063 933 2095 Decem-

97 2103 153 2134 ber
169 2106 306 2135 Saturno
328 2116 425 2143 sacer,
448 2108 476 2136 ὅ(
500 2107 679 2137 Saturnalia
693 2106 934 2138 celebrabantur

100 2155 139 2176 eo
163 2156 356 2186 menseper
379 2149 535 2187 triduum,
559 2159 615 2179 seu
632 2160 688 2188 per
703 2149 770 2179 dies
793 2157 934 2190 septem,

97 2189 245 2220 addendo
277 2191 443 2230 Sigillaria.
501 2191 635 2221 Initium
664 2193 853 2222 sumebatur
884 2195 934 2224 16.

98 2231 172 2263 Kal.
199 2233 360 2271 Januarii,
387 2235 417 2264 id
449 2240 508 2272 est,
543 2237 592 2265 17.
621 2235 779 2265 Decemb.
823 2235 861 2266 In
885 2237 934 2267 his

97 2274 199 2307 Feriis
214 2277 420 2316 epulantibus
437 2278 530 2308 servis
554 2277 794 2308 famulabantur
815 2287 852 2308 ac
874 2281 935 2309 mi-

98 2319 275 2350 nistrabant
298 2321 440 2350 domini:
472 2323 500 2350 δε
526 2321 664 2360 quisque
686 2321 760 2350 vino
783 2321 935 2360 dapibus-

98 2370 165 2399 que
180 2363 304 2393 liberius
319 2374 351 2393 se
368 2365 536 2394 recreabat.
582 2364 664 2400 Vide
680 2363 822 2393 Macrob.
833 2365 886 2396 lib.
906 2368 933 2396 1.

98 2413 167 2444 cap.
186 2408 215 2436 7.
232 2408 261 2435 Sc
280 2407 329 2437 10.
378 2407 490 2437 Senec.
508 2401 610 2446 Epist.
627 2406 676 2436 18.
694 2407 722 2435 ἀ
738 2409 790 2437 47.
834 2408 932 2438 Alex.

98 2448 137 2476 ab
152 2449 250 2479 Alex.
263 2449 318 2479 lib.
334 2451 365 2480 2.
383 2460 452 2489 cap.
469 2451 509 2480 22
537 2456 570 2480 at
585 2460 648 2489 prae
666 2450 786 2479 caeteris
809 2449 933 2481 Athen.

97 2489 152 2519 lib.
172 2492 221 2521 14.
239 2501 311 2531 cap.
324 2494 374 2523 10.
389 2495 445 2523 ubi
458 2502 581 2523 morem
593 2503 630 2523 ac
646 2493 863 2523 celebritatem
878 2495 933 2524 Sa-

99 2535 274 2565 turnalium
291 2537 309 2565 a
325 2535 442 2566 Graecis
459 2536 498 2566 ad
515 2536 675 2565 Romanos
698 2534 832 2565 fluxisse
848 2546 934 2577 egre-

99 2575 148 2614 gie
163 2579 283 2617 asserit,
298 2588 334 2608 ac
350 2579 464 2609 diserte
479 2579 632 2617 explicat.
666 2579 803 2608 Sueton.
819 2578 934 2611 Claud.

99 2627 169 2656 cap.
185 2621 214 2648 5.
230 2622 437 2662 quadraginta
451 2632 557 2651 aureos
569 2622 601 2650 in
615 2620 795 2650 Saturnalia
808 2622 830 2659 ῖς
841 2622 935 2662 Sigil-

100 2660 181 2690 laria
197 2664 312 2701 missos,
328 2665 431 2695 refert.
478 2666 521 2694 Et
537 2665 637 2703 Calig.
657 2673 726 2702 cap.
746 2665 797 2693 17.
843 2665 935 2696 Diem

97 2703 315 2751 Saturnalibus
335 2708 462 2747 adjecit,
487 2707 717 2747 appellavitque
742 2705 936 2749 Junenalem,

97 2748 218 2785 inquit.

145 2790 195 2820 98.
227 2790 331 2822 Vester
339 2795 431 2832 porro
445 2794 543 2832 labor,
560 2793 629 2832 ξφ]
653 2792 788 2823 Ιτοηίεὲ.
823 2794 869 2825 At
884 2795 933 2825 hi-

99 2834 266 2865 storiarum
292 2835 502 2875 Scriptoribus
523 2839 625 2875 major
647 2836 777 2866 fortasse
800 2837 935 2876 utilitas,

101 2878 273 2915 majusque
289 2877 307 2907 ὲ
322 2879 427 2909 labore
442 2881 580 2910 lucrum.

145 2920 194 2949 99.
220 2919 307 2949 Petit
319 2920 369 2950 hic
380 2922 464 2960 plus,
485 2923 549 2962 550]
572 2923 640 2953 Alii
668 2922 796 2961 legunt,
814 2921 935 2961 petitur

97 2960 182 2999 plus,
200 2963 258 2991 Sec.
275 2963 304 2992 id
320 2969 378 3001 est,
395 2965 433 2994 ad
455 2967 652 2996 scribendam
677 2965 836 2994 historiam
860 2966 934 3004 plus

101 3005 254 3043 temporis
270 3006 303 3034 in
320 3009 531 3045 perquirenda
546 3019 652 3039 rerum
671 3008 801 3037 veritate
816 3007 936 3039 deside-

98 3051 197 3085 ratur,
226 3049 254 3077 &-
273 3049 346 3086 plus
361 3049 423 3080 olei
439 3052 473 3082 in
496 3051 614 3091 lychno
635 3052 675 3082 ad
702 3050 936 3083 lucubrandum

100 3095 200 3128 atque
214 3091 422 3131 vigilandum.

1019 941 1090 971 100.
1116 939 1221 970 Oblita
1242 939 1324 969 modi
1344 939 1514 977 millesima,
1538 939 1602 978 εἶτα]
1627 940 1704 969 Sine
1720 949 1811 970 men-

972 993 1045 1013 sura
1058 985 1086 1013 δε
1102 984 1198 1013 modo
1210 985 1324 1013 crescit
1335 983 1491 1013 volumen
1502 983 1736 1022 multiplicibus
1751 993 1812 1022 pa-

974 1028 1055 1066 ginis
1070 1027 1302 1065 conscriptum.

1019 1071 1091 1100 101.
1115 1070 1223 1099 Multa
1239 1070 1383 1099 damnosa
1401 1069 1533 1110 papyro]
1556 1069 1650 1099 Unde
1669 1071 1695 1099 &a
1714 1079 1811 1109 pecu-

975 1113 1036 1142 niae
1050 1113 1193 1143 multum
1206 1113 1404 1152 impenditis,
1413 1114 1553 1143 emendo
1567 1113 1745 1152 plurimum
1758 1123 1812 1151 pa-

975 1157 1044 1195 pyri
1054 1156 1091 1186 ad
1100 1156 1238 1186 historiae
1251 1157 1405 1187 volumen
1412 1156 1615 1186 scribendum
1626 1156 1814 1194 multiplex.

1017 1199 1157 1238 Papyro]
1182 1200 1263 1229 Plin.
1280 1200 1332 1229 lib.
1349 1201 1401 1230 13.
1418 1209 1487 1237 cap.
1504 1201 1555 1228 11.
1575 1199 1689 1228 chartae
1714 1209 1812 1229 usum

976 1252 1043 1272 non
1058 1243 1154 1273 fuisse
1169 1248 1243 1272 ante
1258 1243 1437 1273 Alexandri
1452 1242 1565 1281 Magni
1588 1242 1750 1272 victoriam
1770 1252 1814 1272 ex

977 1285 1129 1323 Varrone,
1153 1286 1298 1315 affirmat.
1347 1287 1394 1316 At
1409 1285 1566 1314 doctiores
1589 1286 1633 1314 sie
1657 1285 1812 1324 interpre-

975 1334 1098 1367 tantur,
1123 1335 1159 1358 ut
1181 1329 1258 1358 velit
1282 1325 1407 1359 tantum
1423 1328 1556 1366 Plinius,
1581 1337 1676 1357 usum
1697 1329 1813 1358 chartae

973 1381 1187 1402 communem
1212 1373 1240 1401 δε
1265 1372 1436 1410 publicum
1463 1376 1543 1400 tunc
1571 1371 1676 1400 solum
1700 1371 1814 1409 fuisse,

974 1416 1068 1445 antea
1084 1421 1192 1445 tamen
1210 1415 1392 1445 inventurn.
1431 1414 1510 1443 lbid.
1525 1414 1605 1443 Plin.
1622 1414 1665 1443 ita
1689 1415 1812 1454 pergit:

974 1458 1013 1487 In
1044 1459 1216 1497 palmarum
1243 1457 1340 1495 soliis
1370 1456 1440 1494 (alii
1476 1457 1590 1496 legunt
1628 1457 1813 1496 malmrum)

968 1502 1067 1540 primo
1083 1501 1308 1539 scriptitatum:
1335 1501 1441 1529 deinde
1464 1500 1659 1538 quammdam
1677 1500 1815 1530 arborum

974 1544 1070 1575 libris.
1114 1544 1228 1573 Posteri
1248 1543 1374 1583 publica
1390 1547 1582 1572 itionumenta
1599 1543 1747 1580 plumbeis
1763 1555 1814 1573 ro-

974 1587 1145 1626 luminibus,
1172 1597 1240 1616 moa:
1263 1589 1286 1625 §-
1301 1586 1427 1626 privata
1446 1585 1550 1616 linteis
1573 1586 1683 1623 carifici
1701 1592 1817 1625 coepta,

972 1635 1025 1660 aut
1035 1632 1111 1661 ceris
1157 1653 1489 1661 .......
1529 1630 1638 1668 postea
1644 1630 1816 1667 promiscue

968 1676 1076 1712 patuit
1096 1684 1168 1704 usus
1191 1674 1236 1703 rei
1261 1673 1321 1713 qud
1343 1677 1463 1702 constat
1487 1671 1700 1702 immortalitas
1722 1672 1816 1702 homi-

973 1727 1051 1747 num.
1099 1718 1242 1757 Papyrzcs
1277 1727 1348 1756 ergo
1387 1716 1524 1745 nascitur
1560 1716 1592 1744 in
1626 1716 1817 1754 palustribus

975 1759 1108 1801 AEgypti
1154 1783 1160 1789 .
1207 1784 1213 1790 .
1261 1784 1267 1789 .
1314 1782 1321 1789 .
1360 1762 1576 1798 praeparantur
1589 1767 1626 1787 ex
1640 1768 1676 1787 ea
1687 1758 1815 1798 chartae,

976 1804 1072 1833 diviso
1087 1813 1144 1833 acu
1160 1803 1191 1832 in
1208 1808 1377 1842 praetenues
1390 1804 1444 1832 sed
1458 1803 1550 1841 qmim
1566 1801 1814 1838 latissimasfilu·

977 1856 1038 1876 ras.
1082 1846 1165 1876 Vide
1179 1847 1264 1877 citat.
1277 1846 1357 1875 Plin.
1372 1846 1428 1875 lib.
1442 1855 1513 1884 cap.
1529 1854 1597 1883 seq.

1022 1890 1094 1919 102.
1117 1890 1246 1928 Rerum]
1271 1888 1530 1918 Scribendarum.
1864 1903 1869 1908 »

1022 1932 1154 1972 Operum
1170 1932 1234 1971 les]
1258 1931 1347 1962 Vide
1362 1931 1429 1961 Cic.
1442 1932 1472 1960 2.
1484 1930 1525 1959 de
1541 1929 1687 1969 Oratore,
1703 1931 1759 1961 ubi
1774 1931 1814 1962 de
1860 1934 1862 1936 ’

977 1976 1117 2014 historia,
1141 1977 1277 2014 ejusque
1291 1975 1427 2014 legibus.

1023 2019 1094 2049 103.
1133 2019 1161 2048 T
1159 2029 1230 2047 erroe
1259 2018 1326 2057 quis
1348 2017 1480 2054 fructus
1509 2016 1636 2054 apertoe]
1681 2016 1813 2047 Terram

977 2063 1173 2101 proscidisse,
1200 2062 1311 2099 araSse‚
1342 2061 1488 2090 coluisse.
1532 2059 1733 2097 Metaphora.
1779 2061 1814 2090 ld

976 2113 1036 2144 est,
1059 2105 1228 2136 desudasse
1243 2105 1277 2134 in
1293 2104 1507 2143 perquirenda
1520 2102 1752 2142 scribendaque
1767 2103 1814 2132 di-

977 2149 1113 2188 ligenter
1127 2158 1232 2178 rerum
1246 2148 1393 2177 veritate.

1025 2193 1094 2222 104.
1116 2191 1199 2221 Acta
1215 2190 1346 2231 legenti]
1370 2190 1431 2220 Vel
1447 2190 1589 2220 actuario
1609 2189 1627 2218 ὲ
1647 2197 1814 2219 commen-

977 2235 1061 2266 tariis
1083 2235 1220 2274 publicis
1241 2235 1367 2263 decreta
1390 2233 1513 2272 legenti
1537 2233 1565 2262 ἅτ
1582 2232 1738 2269 recitanti,
1761 2232 1813 2262 vel

975 2278 998 2308 J
1003 2278 1212 2308 urisconsulto
1229 2277 1391 2308 evolventi
1408 2276 1505 2315 leges,
1530 2276 1558 2305 Sc
1575 2275 1690 2314 scripta
1711 2275 1751 2303 ad
1775 2275 1812 2304 li-

979 2326 1047 2351 tem
1064 2321 1266 2359 pertinentia.

1023 2365 1097 2394 105.
1118 2364 1179 2393 Sed
1199 2373 1298 2404 genus
1322 2362 1480 2403 ignat-um]
1509 2361 1607 2391 Dicet
1630 2360 1734 2391 forsan
1757 2361 1812 2390 ali-

978 2409 1063 2446 quis,
1077 2407 1159 2437 nihil
1175 2408 1240 2437 dari
1256 2407 1428 2441 Historico‚
1451 2406 1573 2444 quippe
1588 2403 1647 2441 qui
1668 2404 1814 2434 videatur

976 2451 1073 2490 iners,
1088 2450 1176 2480 domi
1189 2450 1311 2487 sedens,
1327 2451 1353 2478 &a
1371 2450 1474 2479 ociose
1489 2447 1623 2476 scribere
1638 2446 1814 2478 historiam.

976 2493 1020 2524 Et
1031 2493 1053 2524 J
1058 2494 1198 2524 uvenalis
1215 2492 1385 2531 respondet
1399 2503 1406 2520 x
1436 2501 1510 2529 ergo
1526 2489 1663 2520 actuosis
1677 2490 1813 2520 causidi-

976 2538 1018 2566 cis
1033 2537 1175 2567 multum
1192 2536 1258 2565 dari
1270 2536 1383 2564 debet:
1408 2534 1442 2563 hi
1459 2533 1544 2563 enim
1561 2532 1593 2561 in
1609 2531 1678 2561 foro
1693 2533 1814 2572 magna

978 2581 1064 2610 vocis
1092 2581 1120 2609 δε
1149 2580 1287 2609 laterum
1310 2577 1528 2615 exagitatione
1550 2575 1579 2604 8(
1602 2576 1815 2606 contentione

978 2632 1089 2653 causas
1104 2629 1215 2663 agunt.

1025 2665 1130 2705 Tecto]
1153 2666 1262 2695 Plures
1278 2663 1402 2693 codices
1417 2664 1553 2700 habent,
1567 2663 1665 2692 lecto.-
1689 2662 1723 2691 in
1745 2671 1814 2701 quo

976 2709 1160 2746 studebant,
1178 2710 1205 2738 ἃ
1223 2706 1401 2736 scribebant
1413 2706 1496 2745 saepe
1508 2705 1655 2735 Veteres.
1697 2706 1814 2735 Senec,

977 2751 1081 2790 Epist.
1097 2751 1148 2781 67.
1197 2749 1336 2787 Gratias,
1351 2749 1469 2788 inquit,
1485 2758 1545 2788 ago
1560 2748 1720 2785 senectuti,
1734 2748 1815 2786 quod

979 2793 1089 2824 lectulo
1110 2804 1156 2822 me
1177 2791 1301 2831 affixit.-
1326 2791 1542 2829 lucubratonb,
1567 2800 1647 2829 non,
1671 2790 1813 2819 dormito-

977 2837 1036 2874 rio,
1052 2837 1160 2877 inquit
1182 2835 1310 2874 Lipsius
1326 2835 1402 2865 ibid.
1416 2835 1474 2865 ubi
1490 2835 1520 2863 &
1535 2833 1625 2863 affert
1647 2834 1736 2863 hunc
1751 2832 1814 2862 Ju-

978 2880 1099 2909 venalis
1115 2879 1239 2915 locum,
1256 2878 1413 2917 legitque,
1429 2877 1508 2907 lecto
1520 2877 1651 2916 gaudet,
1668 2877 1725 2905 &a
1775 2874 1814 2904 Et

978 2922 1080 2960 Epist.
1099 2922 1150 2952 72.
1199 2919 1342 2953 Quaedam
1357 2923 1381 2959 ᾀ·
1396 2921 1429 2950 in
1448 2920 1521 2949 cisio
1547 2918 1676 2948 scrilere
1694 2917 1792 2956 possis
1804 2929 1813 2946 .-

978 2965 1115 3003 quoedam
1130 2964 1243 2993 lectum
1257 2964 1281 3000 «ξς
1295 2964 1390 2993 ocium
1414 2966 1437 3004 ᾀ
1459 2966 1605 2992 secretum
1628 2961 1811 2990 desiderant.

981 3009 1063 3039 Pers.
1078 3007 1144 3036 Sat.
1161 3009 1188 3036 1.
1205 3015 1281 3035 vers.
1299 3008 1352 3037 53.

1067 3049 1173 3080 Lectis
1185 3049 1326 3079 scribitur
1337 3051 1369 3079 in
1380 3049 1493 3079 citreis.

1031 3091 1160 3135 Umbra]
1185 3092 1221 3124 ld
1239 3097 1299 3131 est,
1315 3091 1440 3133 quiete,
1455 3091 1533 3130 otio,
1550 3098 1685 3121 secessu<

933 3138 971 3180 K
