1948 3281
655 73 681 118 J
685 72 997 118 UVENALIS
1026 74 1244 118 SATIRA
1274 75 1354 118 VI.

136 164 370 219 Servorum,
393 164 528 209 veniet
549 165 781 207 conductus
797 167 984 223 aquarius
1002 183 1011 207 ε

137 225 363 283 Quaeritur,
384 225 422 266 δε
439 224 586 265 desunt
599 223 810 276 homines3
836 239 950 265 mora
966 224 1079 265 nulla
1096 239 1164 278 per
1180 224 1326 279 ipsam,

135 284 234 340 Quo
254 282 394 324 mimis
416 280 610 337 imposito
633 281 797 322 clunem
816 281 1030 323 submittat
1045 281 1184 323 asello.

135 342 278 395 Atque
301 339 460 381 utinam
485 339 584 380 ritus
606 348 773 390 veteres,
797 338 837 379 Sc
860 339 1022 393 publica
1045 339 1188 380 saltem

137 396 220 437 His
243 397 394 438 intacta
416 397 532 437 malis
555 406 768 452 agerentur
790 410 924 437 sacra:
959 397 1026 437 sed
1050 411 1195 438 ornnes
1244 397 1327 437 335

135 454 357 496 Noverunt
379 454 535 506 Mauri,
558 465 681 510 atque
699 453 810 503 Indi,
833 468 928 509 quae
952 454 1113 508 psaltria
1135 468 1281 509 penem

135 510 363 566 Majorem,
386 510 515 567 quam
539 510 621 552 sint
642 511 724 552 duo
747 510 922 552 Caesaris
944 511 1234 563 Anticatones,

137 567 264 620 Illuc,
290 568 466 611 testiculi
491 568 566 610 sibi
588 567 781 609 conscius
805 568 914 609 unde
937 567 1044 625 fugit
1066 583 1176 620 mus,

138 625 357 678 Intulerit3
397 625 466 666 ubi
489 626 609 667 velari
633 624 990 689 picturajubetur,

1777 75 1854 117 103

1329 164 1534 204 famulorum,
1573 170 1720 204 properat
1754 166 1848 196 etiam

1342 209 1544 238 mercenarius
1555 209 1711 247 aquarius.
1748 210 1782 238 Si
1794 209 1850 239 ille

1339 252 1543 288 desideratur,
1554 255 1646 290 atque
1657 251 1766 281 absunt
1778 253 1849 291 viri,

1340 295 1418 325 m'lzil
1432 299 1568 325 moratur
1580 294 1652 332 ista,
1712 316 1721 324 .

1046 166 1114 208 hic
1136 166 1169 208 si

1343 404 1350 410 .
1398 404 1404 409 .
1470 379 1593 410 Utinam
1622 380 1690 409 verb
1716 380 1851 417 antique

1342 425 1521 454 coeremonioe
1547 425 1569 461 ἐς
1594 423 1720 462 publica
1744 424 1851 452 saltem

1341 477 1430 497 sacra
1452 471 1671 506 perazerentur
1697 466 1764 495 istis
1790 465 1853 494 cri-

1343 510 1473 540 minibus
1502 510 1680 549 impolluta:
1715 513 1749 538 at
1785 508 1855 537 tmi-

1343 554 1422 584 rersi
1437 552 1546 583 RIauri
1561 553 1692 591 Indique
1716 561 1774 581 non
1798 552 1850 592 ig·

1344 601 1454 626 norant
1471 606 1606 635 quoenam
1623 595 1758 633 psaltria
1797 618 1803 623 .
1846 618 1853 624 .

1345 641 1436 678 quam
1472 640 1533 668 sint
1567 639 1684 679 gemini
1723 637 1853 667 Coesaris

137 683 432 740 Quaecumque
448 683 610 725 alterius
625 683 746 723 sexfis
770 682 926 724 imitata
947 683 1117 747 figuram
1141 692 1216 724 est.
1247 683 1333 724 340
1345 683 1557 712 Anticatones.
1605 704 1614 712 ·

134 740 294 796 thuis
310 750 407 782 tunc
422 740 643 781 hominum
658 749 918 794 contemptor
931 739 1137 790 numinis3
1157 750 1226 781 aut
1240 740 1331 796 quis
1346 748 1415 798 'turci

140 798 416 852 Sympuvium
438 797 564 839 ridere
585 798 759 847 Numae,
797 798 1049 853 nigrumque
1071 797 1273 849 catinum,

138 855 194 896 Et
215 854 420 897 Vaticano
442 854 603 910 fragiles
625 854 675 894 de
695 863 839 895 monte
863 854 1026 909 patellas

139 912 282 954 Ausus
305 914 416 953 erat?
453 913 532 953 Sed
555 926 668 952 nunc
691 911 741 952 ad
764 926 864 967 quas
888 927 975 953 non
998 911 1171 954 Clodius
1193 913 1308 954 aras?

138 969 281 1011 Audio
302 969 400 1026 quid
423 978 574 1012 veteres
598 969 697 1010 olim
719 969 922 1011 moneatis
945 969 1083 1011 amici.

669 1026 748 1068 Sed
766 1026 858 1083 quis
877 1027 1078 1069 custodiet
1095 1026 1206 1082 ipsos

142 1083 379 1126 Custodes?
416 1084 549 1126 Cauta
571 1094 648 1135 est,
675 1083 714 1124 &
735 1083 785 1125 ab
808 1084 886 1126 illis
910 1084 1053 1139 incipit
1074 1099 1193 1126 uxor.

141 1027 255 1068 Pone
273 1041 418 1078 seram,
445 1025 606 1068 cohibe.

1460 723 1519 754 Ubi
1531 725 1596 764 tegi
1611 724 1777 754 mandatur
1786 724 1855 763 pic-

1453 768 1564 806 φωνῶ·
1602 767 1728 797 alterius
1768 765 1857 796 sexus

1344 811 1472 851 effigiem
1484 811 1662 849 exprimens.
1703 810 1776 840 Tum
1791 810 1859 840 ver&

1345 855 1412 892 quis
1428 853 1575 883 homiuum
1587 854 1671 883 Deos
1686 853 1857 894 negligere,

1345 896 1394 926 vel
1433 898 1500 935 quis
1533 897 1669 926 deridere
1706 896 1858 926 attentas·

1347 944 1390 969 set
1412 939 1522 969 Numoe
1544 939 1743 978 sympuvium,
1767 943 1860 979 atque

1249 971 1331 1010 345
1347 986 1448 1012 atram
1455 983 1596 1020 patinam
1610 993 1648 1012 ac
1665 982 1765 1011 lances
1778 992 1858 1011 rum·

1344 1025 1382 1063 pi
1397 1024 1519 1063 faciles
1542 1026 1558 1054 ἑ
1587 1027 1662 1055 colle
1683 1024 1856 1054 Vaticano?

1349 1068 1421 1098 Jam
1435 1069 1502 1098 vero
1523 1069 1565 1098 ad
1589 1078 1654 1106 quoe
1670 1077 1729 1096 non
1745 1068 1860 1097 altaria

1353 1110 1479 1141 Clodius
1504 1110 1672 1150 penetrat?
1710 1110 1861 1141 Ausculto

139 1142 318 1198 Jamque
339 1142 480 1183 eadem
500 1142 673 1182 summis
697 1141 856 1196 pariter,
874 1142 1143 1198 minimisque
1164 1140 1308 1182 libido.
1350 1155 1431 1192 quod
1443 1154 1602 1184 consilium
1619 1154 1712 1191 datis,
1729 1155 1748 1183 ὀ
1760 1154 1859 1192 prisci

140 1200 234 1240 Nec
257 1198 403 1240 melior
424 1199 596 1254 pedibus
620 1197 776 1240 silicem
801 1215 896 1255 quae
919 1200 1093 1241 conterit
1115 1207 1247 1240 atrum
1266 1215 1278 1250 ;

139 1257 283 1313 Quam
307 1272 403 1313 quae
422 1256 642 1313 longorum
665 1255 825 1297 vehitur
846 1256 1002 1298 cervice
1019 1258 1232 1312 Syrorum.
1252 1257 1338 1298 350

139 1315 206 1356 Ut
227 1323 383 1368 spectet
403 1313 538 1365 ludos,
563 1313 759 1354 conducit
781 1313 965 1370 Ogulnia
980 1324 1152 1366 vestem,

142 1371 359 1413 Conducit
377 1371 567 1422 comites,
587 1370 745 1423 sellam,
764 1369 951 1423 cervical,
974 1371 1142 1423 amicas,

139 1428 379 1480 Nutricem,
400 1429 440 1470 Sc
459 1429 623 1480 flavam,
648 1428 713 1469 cui
737 1429 805 1469 det
825 1429 1031 1480 mandata,
1056 1429 1248 1484 puellam.

142 1503 209 1532 quae
224 1504 331 1525 saxum
346 1495 468 1535 nigrum
483 1497 585 1524 calcat
596 1494 730 1533 plantis,
754 1496 844 1534 quam
860 1506 925 1535 quoe
934 1499 1082 1534 portatur
1097 1494 1172 1525 collo
1187 1495 1326 1535 Syrorum
1336 1506 1537 1535 procerorum.

1350 1196 1698 1235 quondamfamiliares.
1737 1196 1859 1227 Adhibe

1349 1250 1472 1275 seram‚·
1509 1240 1618 1270 co‘e'rce.
1670 1239 1776 1270 Verum
1793 1241 1861 1278 quis

1349 1283 1516 1312 observabit
1533 1284 1613 1321 ipsos
1628 1283 1833 1313 observatores
1845 1282 1859 1311 ,⁷

1351 1324 1471 1364 Conjuae
1494 1325 1609 1355 callida
1634 1330 1691 1364 est,
1713 1329 1806 1364 atque
1820 1326 1861 1355 ab

1349 1368 1417 1397 istis
1452 1369 1638 1407 auspicatur.
1696 1368 1741 1398 Et
1780 1378 1862 1398 nunc

1342 1420 1405 1448 par
1418 1415 1465 1440 est
1481 1411 1605 1440 luxuria
1633 1411 1758 1452 magnis
1778 1421 1862 1449 oeque

1348 1464 1387 1483 ac
1400 1454 1532 1491 infimis:
1556 1464 1649 1493 neque
1671 1454 1794 1493 probior
1815 1461 1864 1486 est

1591 1497 1633 1526 Ut
1646 1502 1760 1536 spectet
1776 1499 1863 1528 ludos

145 1537 281 1577 Ogulnia
304 1542 462 1568 mutuatur
485 1538 678 1576 vestimenta,
702 1542 858 1568 mutuatur
875 1539 1084 1579 pedissequas,
1107 1537 1294 1578 cathedram,
1311 1540 1482 1580 pulvinum,
1495 1539 1688 1580 jamiliares,
1709 1541 1862 1579 altricem,

142 1580 166 1618 ξ
173 1580 469 1618 juvenculamflavis
482 1581 616 1622 capillis,
640 1581 690 1612 cui
696 1581 789 1620 jassa
804 1582 990 1614 committat.

188 1769 263 1799 336.
290 1768 363 1802 Quoe
372 1768 522 1809 psaltria]
546 1768 710 1809 Loquitur
725 1771 765 1800 de
782 1771 909 1810 Clodio,
927 1772 986 1810 qui

144 1811 259 1842 habitu
301 1813 452 1850 Psaltriae,
499 1813 597 1843 Bonae
630 1812 709 1844 Deae
743 1814 907 1852 templum
937 1815 986 1843 in·

145 1865 269 1893 gressus
298 1861 409 1885 contra
438 1856 496 1893 fas,
520 1856 715 1886 adulterium
740 1857 904 1896 sacrilegio
931 1857 984 1886 ad-

146 1898 235 1928 didit.
284 1898 388 1927 Vetus
405 1898 513 1928 Schol.
528 1898 688 1927 Plutarch.
704 1901 738 1930 in
754 1900 888 1929 Caesare.

188 1941 262 1972 337.
286 1941 355 1970 Duo
373 1940 729 1980 CaesarisAnticatones]
753 1942 892 1972 Libellos
905 1942 985 1972 duos

146 1983 297 2023 intelligit
319 1984 338 2012 a
363 1983 486 2014 Caesare
510 1985 705 2022 conscriptos
727 1985 874 2014 adversus
890 1985 985 2015 Cato-

146 2035 225 2056 nem
238 2027 439 2064 Uticensem,
463 2036 564 2065 quem
582 2027 693 2057 Cicero
719 2028 902 2057 laudaverat
925 2038 985 2058 suo

147 2068 203 2098 illo
226 2070 266 2098 de
284 2070 459 2098 Senectute
472 2070 618 2108 Dialogo.
666 2070 768 2100 Vetus
785 2071 895 2101 Schol.
919 2072 984 2100 An-

149 2110 315 2141 ticatonum
343 2112 497 2141 meminit
523 2114 659 2142 Sueton.
688 2113 803 2144 Caesar.
832 2123 903 2153 cap.
932 2114 985 2144 56.

148 2152 310 2184 Plutarch.
336 2154 369 2182 in
399 2155 542 2184 Caesare:
580 2155 715 2195 ipseque
731 2157 798 2187 Cic.
823 2157 862 2186 ad
885 2158 984 2187 Attic.

148 2196 203 2226 lib.
224 2198 274 2227 12.
302 2197 406 2235 Epist.
429 2197 479 2227 59.
509 2198 538 2226 δε
565 2197 619 2226 lib.
639 2200 687 2228 18.
705 2199 808 2238 Epist.
824 2200 876 2229 48.
901 2198 984 2230 Item

149 2239 235 2279 Top.
253 2241 306 2272 94.

192 2284 267 2313 342.
313 2282 520 2323 Sympuvium]
566 2283 696 2324 Legunt
730 2284 784 2313 alii
819 2283 999 2324 Simpulum,

149 2326 201 2355 vel
223 2327 424 2366 Simpullum;
462 2327 596 2366 quidam
626 2327 825 2366 Sympinium,
854 2329 944 2366 quasi
969 2330 986 2358 ὲ

149 2368 306 2400 ευνπίνειν.
353 2370 487 2400 Constat
503 2380 555 2400 vas
571 2370 666 2400 fuisse
690 2371 853 2409 potorium
866 2372 987 2409 cyatho

149 2412 257 2442 simile
284 2415 313 2443 <Sc
338 2423 496 2452 parvum3
520 2414 586 2442 sive
612 2413 774 2452 ligneum,
797 2422 853 2442 seu
883 2413 988 2443 fictile.

149 2454 260 2493 Hujus
273 2463 339 2486 erat
354 2465 431 2486 usus
447 2457 479 2485 in
508 2455 608 2486 Sacris
633 2457 672 2485 ad
696 2455 901 2485 fundendum
917 2463 989 2496 gut-

149 2499 244 2528 tatim
258 2500 384 2530 vinum.
431 2498 524 2528 Unde
548 2499 668 2528 Plinius
700 2498 754 2528 lib.
769 2500 821 2527 35.
850 2508 919 2537 cap.
938 2501 988 2530 12.

151 2539 191 2569 In
205 2541 369 2580 fictilibus,
390 2542 508 2579 inquit,
528 2542 701 2580 prolibatur
726 2541 908 2580 sympuviis:
934 2543 990 2572 ubi

152 2583 205 2611 alii
229 2584 344 2625 legunt
359 2584 519 2622 simpullis.
564 2584 734 2622 Ejusmodi
755 2593 903 2614 vasorum
921 2595 989 2615 me-

154 2626 249 2655 minit
279 2628 306 2656 &
333 2627 446 2657 Cicero
473 2628 526 2657 lib.
545 2629 575 2656 3.
598 2628 637 2656 de
666 2626 804 2665 Legibus
831 2636 864 2656 n.
878 2628 930 2658 36.
959 2630 988 2658 dc

153 2668 318 2706 Apuleius
347 2671 477 2710 Apolog
534 2671 708 2708 Paupertas
738 2669 900 2708 Imperium
928 2670 986 2700 Po-

150 2712 226 2759 pulo
244 2710 383 2742 Romano
400 2714 553 2749 jundai-it
583 2715 601 2742 ἁ
628 2713 807 2750 primordio,
825 2723 939 2752 proque
953 2724 986 2742 eo

154 2753 377 2784 :medimnum
404 2757 482 2785 diem
500 2757 571 2786 Diis
593 2755 815 2785 immortalibus
838 2756 986 2794 simpuvio

153 2798 180 2833 ὃς
196 2797 405 2834 catinofictili
416 2799 581 2836 sacrificat.
628 2799 713 2827 Vide
726 2799 824 2828 Alex.
838 2799 877 2828 ab
891 2800 988 2828 Alex.

156 2839 212 2869 lib.
229 2842 259 2869 4.
275 2850 344 2879 cap.
364 2842 413 2870 17.
434 2843 461 2871 ἃ
478 2842 620 2872 Turneb.
640 2842 692 2871 lib.
706 2841 758 2870 22.
774 2851 844 2879 cap.
860 2842 913 2870 30.

215 2881 339 2921 Numae]
391 2882 458 2915 Qui
487 2894 571 2914 sacra
601 2887 629 2915 &-
660 2885 883 2921 caeremonia53
918 2894 990 2914 om·

158 2933 303 2963 nemque
334 2925 481 2956 Deorum
511 2929 637 2958 cultum
662 2927 772 2964 coluit,
806 2927 864 2957 &c.
910 2927 992 2958 Flor.

158 2967 215 2999 lib.
232 2970 259 2997 1.
275 2978 344 3008 cap.
356 2969 385 2997 2.

199 3009 335 3050 Nigrum
353 3010 505 3053 catinum]
530 3013 642 3043 Fictile
657 3023 709 3044 vas
725 3014 742 3043 ὲ
758 3019 837 3043 terra
853 3015 951 3054 nigra.

201 3054 276 3084 841),
306 3053 469 3095 Vaticano]
499 3055 590 3086 Unus
605 3057 658 3087 liic
673 3061 739 3087 erat
752 3056 770 3087 ὲ
786 3057 919 3090 collibus
935 3057 995 3089 Ro-

1029 1772 1144 1810 manis,
1169 1771 1213 1802 ita
1227 1772 1331 1803 dictus
1347 1772 1365 1802 ὲ
1379 1774 1534 1803 vaticiniis
1551 1774 1595 1803 ibi
1609 1773 1674 1803 dari
1688 1772 1800 1809 solitis,
1825 1779 1862 1802 ut

1028 1815 1072 1844 ait
1088 1814 1174 1844 Gell.
1201 1815 1255 1845 lib.
1273 1815 1323 1845 16.
1358 1826 1428 1855 cap.
1446 1819 1495 1847 17.
1518 1826 1575 1846 seu
1601 1817 1689 1855 quud
1715 1825 1754 1845 eo
1769 1816 1864 1855 potiti

1030 1856 1165 1886 Romani
1189 1858 1312 1887 fuerint
1340 1869 1384 1887 ex
1412 1858 1534 1888 Vatum
1559 1868 1724 1898 responso,
1760 1858 1861 1897 pulsis

1029 1899 1219 1938 Hetruscis3
1244 1908 1280 1930 ut
1303 1901 1373 1930 vult
1401 1900 1525 1931 Festus.
1574 1902 1611 1931 In
1638 1911 1676 1930 ea
1706 1901 1790 1930 urbis
1817 1910 1862 1929 re-

1030 1942 1126 1981 gione
1141 1942 1260 1972 fiebant
1275 1944 1393 1973 fictilia.

1072 1984 1161 2015 Hinc
1183 1985 1320 2015 Martial.

1114 2028 1154 2057 In
1173 2029 1332 2058 Vaticanis
1346 2029 1472 2059 condita
1483 2034 1582 2059 musta
1597 2029 1693 2059 cadis.

1072 2072 1145 2100 344.
1182 2071 1234 2101 Ad
1248 2081 1325 2109 quas
1340 2082 1397 2101 non
1413 2072 1537 2102 Clodius
1547 2083 1619 2102 aras
1632 2072 1662 2111 2]
1709 2071 1790 2104 Quae
1808 2071 1863 2102 Sa·

1029 2123 1080 2142 cra
1105 2123 1174 2145 non
1202 2115 1394 2154 polluuntur
1419 2115 1435 2144 Ξι
1460 2115 1621 2155 flagitiosis
1650 2115 1755 2145 Clodii
1776 2115 1863 2145 simi-

1029 2156 1113 2186 libus
1126 2157 1136 2185 ?

1073 2200 1146 2230 346.
1185 2201 1271 2231 Pone
1295 2211 1403 2240 seram,
1433 2199 1552 2242 cohibe]
1601 2201 1747 2231 Uxorem
1775 2201 1864 2231 domi

1031 2241 1156 2280 claude,
1183 2247 1212 2273 &
1228 2245 1373 2282 contine,
1396 2244 1543 2274 adhibitis
1560 2245 1656 2274 etiarn
1671 2243 1866 2274 custodibus.

1072 2286 1148 2316 347.
1169 2288 1218 2317 Ab
1240 2286 1303 2317 illis
1323 2287 1447 2326 incipit]
1473 2288 1592 2316 Primos
1619 2288 1764 2316 omnium
1783 2296 1865 2316 uxor

1031 2331 1209 2368 corrumpit
1236 2332 1265 2360 Sc
1292 2331 1350 2360 sibi
1374 2330 1523 2360 conciliat
1539 2339 1619 2368 quos
1641 2330 1701 2358 sibi
1717 2330 1863 2359 custodes

1031 2371 1115 2401 norit
1130 2373 1300 2402 adhibitos.

1075 2415 1148 2445 349.
1175 2415 1309 2446 Pedibus
1317 2415 1432 2445 silicem
1448 2426 1513 2454 qua>
1526 2415 1656 2444 conterit
1672 2414 1785 2453 atrum]
1816 2415 1865 2454 Ig-

1032 2457 1146 2487 nobilis
1174 2460 1202 2488 Sc
1230 2460 1426 2498 paupercula
1444 2458 1536 2488 nudis
1552 2458 1686 2497 pedibus
1712 2458 1862 2488 incedens

1032 2509 1089 2538 per
1106 2501 1168 2530 vias
1185 2511 1329 2531 coenosas
1344 2503 1431 2531 silice
1446 2507 1565 2530 stratas.

1073 2544 1137 2572 350
1175 2543 1248 2577 Quae
1263 2545 1421 2583 longorum
1444 2543 1560 2572 vellitur
1583 2543 1696 2572 cervice
1710 2543 1864 2584 Syrorum]

1032 2585 1182 2616 Foemina
1197 2588 1349 2625 primariae
1366 2587 1540 2616 nobilitatis
1555 2596 1590 2615 ac
1605 2586 1702 2624 dives,
1715 2596 1786 2626 quae
1801 2588 1862 2616 lec-

1033 2628 1095 2657 tica
1113 2630 1141 2658 Sc
1157 2630 1234 2659 sella
1250 2630 1323 2658 vehi
1336 2629 1427 2659 solet.

1075 2670 1230 2710 Syrorum]
1253 2672 1425 2701 Servorum
1454 2673 1471 2701 e
1500 2672 1598 2711 Syria.
1643 2671 1727 2702 Vide.
1756 2674 1821 2702 Sat.
1835 2673 1864 2702 1.

1031 2723 1094 2743 ver.
1113 2714 1163 2744 64.
1189 2716 1217 2743 δε
1243 2724 1314 2753 qua:
1330 2723 1387 2744 nos
1403 2714 1536 2753 ibidem,
1561 2717 1589 2745 δε
1616 2715 1656 2745 ad
1671 2721 1864 2754 sequentem

1030 2765 1170 2787 versum.

1077 2800 1152 2828 351.
1175 2798 1291 2838 Ludos]
1315 2800 1387 2830 Aut
1401 2800 1575 2838 Circenses,
1590 2806 1646 2831 aut
1661 2800 1860 2831 Theatrales.

1081 2840 1234 2882 Ogulnia]
1260 2843 1440 2873 Ambitiosa
1452 2851 1610 2881 matrona,
1637 2844 1690 2873 sed
1707 2845 1812 2881 inopS,
1836 2843 1865 2872 ὗε

1034 2890 1141 2915 tamen
1158 2886 1331 2923 libidinosa,
1346 2893 1445 2925 atque
1458 2888 1492 2916 in
1507 2887 1653 2917 libidines
1667 2885 1808 2925 prodiga.

1077 2928 1153 2959 352.
1177 2928 1302 2967 Sellam]
1326 2929 1406 2958 Vide
1423 2930 1488 2959 Sat.
1509 2933 1537 2960 1.
1561 2939 1622 2958 ver.
1641 2930 1692 2958 65.

1079 2972 1152 3001 353.
1168 2971 1298 3001 Flavam
1313 2972 1363 3001 cui
1378 2972 1427 3002 (let
1441 2974 1588 3003 mandata
1594 2971 1747 3010 puellam]
1763 2970 1868 3001 Velut

1039 3014 1099 3044 sibi
1113 3013 1222 3052 fidam,
1240 3016 1269 3044 <Sc
1281 3015 1485 3045 consiliorum
1500 3023 1756 3055 arcanorumque
1771 3014 1872 3054 pan&

1040 3058 1163 3099 cipem,
1176 3058 1307 3099 qualern
1324 3058 1441 3090 habere
1457 3059 1561 3090 solent
1575 3058 1756 3100 magnates.
