1948 3281
624 88 963 135 JUVENALIS
995 87 1213 131 SATIRA
1242 88 1326 130 XI.

114 172 328 229 Excipitur
349 175 476 234 vulgi,
509 179 635 235 quam
661 195 811 236 pauper
833 180 1040 236 Apicius?
1087 177 1238 222 Omnis
1327 220 1350 249 S
1384 231 1403 244 σ
1427 221 1438 250 l
1632 222 1648 250 b
1671 225 1681 251 l

114 230 359 285 Convictus,
394 237 578 287 thermae,
612 237 822 290 stationes,
850 253 975 280 omne
999 238 1199 278 theatrum
1326 230 1623 301 υζὲῗίἶαῆξῗῃζζζζῖζῇ
1650 232 1836 302 Ξέζῇἶξίἶζζῖζ

110 287 178 329 De
198 290 348 331 Rutilo.
406 294 517 335 Nam
537 295 634 336 dun]
653 296 798 347 valida,
817 294 1073 352 acjllvenllla
1089 293 1272 336 membra
1287 294 1310 333 5
1326 310 1406 336 trum
1441 308 1478 336 de
1505 305 1610 336 Rutilo
1648 307 1837 346 loquuntur.

1762 91 1839 137 197

1327 177 1476 217 carpitur,
1485 177 1574 217 qudm
1590 178 1673 217 inops
1685 179 1812 219 Apicius
1821 182 1836 210 ?

112 345 331 390 Sufficiunt
353 350 494 407 galeae,
529 352 710 409 dumque
732 354 876 396 ardens
898 353 1096 409 sanguine
1117 352 1243 393 fertur

109 402 210 443 Non
236 419 410 463 cogente
433 409 616 465 quidem,
649 411 717 452 sed
741 426 815 453 nec
839 411 1078 466 prohibente
1098 408 1283 452 Tribuno

109 459 342 515 Scripturus
364 465 487 522 leges,
523 468 562 509 &
584 468 693 525 regia
714 468 830 509 verba
851 468 1025 510 lanistae.

107 516 271 580 Multos
296 524 414 577 porro
438 524 564 576 vides,
598 540 702 581 quos
723 524 833 582 saepe
856 526 993 567 elusus
1015 526 1064 567 ad
1087 523 1223 579 ipsum

109 571 300 619 Creditur
322 579 538 623 introitum
562 583 662 624 solet
685 592 897 638 expectare
919 582 1095 634 macelli,

105 631 158 671 Et
183 636 333 688 quibus
357 638 397 679 in
423 640 510 681 solo
532 640 695 682 vivendi
717 655 838 682 causa
861 640 992 695 palato
1015 649 1090 681 est.

105 688 307 747 Egregius
331 706 467 738 coenat
484 697 712 753 meliusque
732 697 984 739 miserrimus
1005 699 1170 748 horum,

102 746 158 787 Et
181 750 264 791 cito
287 768 451 795 casurus
466 754 555 809 jam
580 755 810 809 perlucente
832 753 968 796 ruina.

105 803 268 849 Interea
290 821 433 865 gustus
456 811 653 853 elementa
675 827 742 867 per
765 811 906 853 omnia
927 819 1134 867 quaerunt,

102 862 336 921 Nunquam
359 869 497 909 animo
521 868 658 922 pretiis
675 868 934 924 obstantibus
955 885 963 910 :

100 921 321 975 Attendas„
355 925 482 981 magis
505 925 734 982 illajuvant
754 942 847 983 quae
871 926 995 982 pluris
1017 936 1226 968 emuntur.

1329 348 1446 389 Quippe
1470 349 1535 379 curn
1562 354 1647 379 artus
1678 351 1790 379 robusti
1812 356 1835 389 ‘3-

1316 393 1470 430 juveniles
1494 393 1605 422 cassidi
1634 402 1726 431 pares
1753 399 1837 434 sunt,

1325 437 1347 473 ᾁ-
1375 436 1651 474 quandiufermnt
1673 437 1834 475 sanguine,

1318 483 1465 517 properat
1480 480 1521 508 ad
1536 479 1731 517 excipiendas
1743 489 1832 518 regu-

1323 520 1370 552 las
1381 532 1419 551 ac
1429 526 1581 562 praeczpta
1594 522 1752 560 imperiosa
1762 522 1834 565 gla-

1259 582 1308 623 lO
1322 565 1474 595 diatorum
1507 565 1660 605 magistri,
1690 575 1748 594 non
1778 565 1834 602 ju-

1320 608 1408 637 bente
1423 609 1515 647 certe,
1538 609 1639 639 verum
1667 618 1761 645 neque
1782 618 1833 637 ve-

1319 654 1407 681 tante
1424 651 1562 681 Tria-uno.
1602 651 1754 680 Proetered
1769 661 1831 680 cer-

1317 694 1366 723 m's
1388 695 1545 733 plurimos,
1567 704 1641 734 quos
1669 695 1711 723 ad
1736 695 1831 733 ipsum

1318 737 1438 766 macelli
1448 738 1555 767 octium
1568 738 1699 776 opperiri
1710 746 1830 767 consue-

1317 780 1363 808 vit
1379 779 1510 809 creditor
1525 781 1709 819 frequenter
1725 781 1831 819 decep·

1319 825 1367 851 tus
1380 834 1388 850 .·
1414 825 1436 860 ᾂς
1465 825 1549 861 queis
1576 823 1646 852 rita?
1672 823 1828 853 ducenda:

1000 869 1170 910 internas
1194 867 1227 910 Si
1255 870 1301 910 15
1317 866 1397 895 racio
1413 867 1575 895 dumtaxat
1591 866 1621 894 in
1633 866 1744 904 palato
1759 876 1828 896 con-

1315 907 1409 938 sistit.
1454 908 1586 938 Istorum
1608 910 1830 947 pauperrimus,

1316 960 1354 980 ae
1367 951 1450 981 hreni
1464 952 1553 981 ruitzu
1564 962 1599 980 us
1612 962 1683 981 casu
1690 953 1759 990 jam
1772 963 1826 991 ap—

100 980 211 1034 Ergo
235 981 341 1022 haud
366 982 528 1025 difficile
551 994 612 1025 est
637 984 852 1039 perituram
876 998 1071 1026 arcessere
1094 998 1302 1026 summam
1310 999 1452 1033 parente,
1487 995 1602 1024 lautius
1630 1005 1667 1024 ac
1693 994 1828 1034 splendi-

98 1036 309 1079 Lancibus
332 1040 544 1096 oppositis,
578 1042 638 1083 vel
664 1042 803 1084 matris
825 1041 1005 1098 imagine
1026 1041 1170 1093 fracta,

100 1118 266 1159 elementis,
290 1131 443 1161 nunquam
458 1123 559 1152 valore
574 1123 667 1152 menti
683 1122 793 1152 obicem
811 1129 963 1160 ponente.

1317 1037 1384 1066 dine
1410 1037 1561 1076 epulatur.
1609 1038 1735 1067 Interim
1755 1048 1829 1078 gus-

1317 1084 1400 1111 tatus
1428 1081 1617 1121 investigant
1650 1081 1680 1110 iu
1713 1081 1829 1111 cunctis

1009 1122 1045 1152 Sa·
1059 1122 1142 1152 intus
1150 1123 1330 1162 perspicias,
1352 1134 1388 1153 ea
1397 1126 1468 1163 plus
1484 1125 1635 1154 delectant
1647 1134 1711 1163 quoe
1725 1124 1828 1153 carius

99 1168 322 1201 comparantur.
368 1165 480 1204 Itaque
495 1175 553 1195 non
565 1169 608 1195 est
621 1166 749 1195 arduum
763 1164 940 1196 contrahere
949 1166 1112 1204 pecuniam
1124 1166 1351 1205 absumendam,
1365 1167 1508 1206 depositis
1521 1168 1643 1207 catinis,
1656 1171 1710 1197 aut
1726 1167 1792 1210 effig
1799 1167 1827 1196 ie

96 1207 238 1244 parentis
253 1208 398 1238 mutilat&
411 1219 426 1243 ,-

142 1360 173 1390 3.
198 1361 339 1400 Apicius]
357 1361 466 1393 Homo
479 1363 667 1395 luxuriosus
680 1364 797 1404 Apicio
811 1363 936 1395 similis.

105 1402 192 1433 Vide
207 1405 273 1435 Sat.
292 1406 321 1434 4.
349 1416 414 1436 ver.
429 1408 483 1438 23.

147 1446 254 1476 Omnis
273 1449 438 1488 convictus,
456 1450 521 1489 850]
560 1451 612 1482 De
625 1451 740 1482 Rutilo
755 1461 810 1492 per
826 1452 936 1492 gulam

101 1489 139 1518 ad
157 1496 331 1530 egestatem
350 1493 474 1524 redacto
488 1493 674 1525 fabulantur
690 1505 803 1526 omnes
820 1496 936 1535 passim

103 1533 137 1562 in
153 1535 320 1573 conviviis,
343 1535 478 1575 balneis,
504 1539 562 1568 &c-

145 1578 175 1606 4.
199 1578 368 1617 Stationes]
392 1579 544 1619 Porticus,
567 1592 624 1612 seu
649 1583 719 1617 loca
734 1582 766 1612 in
791 1581 938 1613 Romano

102 1618 183 1657 foro,
222 1621 254 1650 in
285 1623 403 1660 quibus
434 1624 584 1655 homines
614 1626 653 1655 ad
681 1626 937 1665 colloquendum

98 1664 353 1703 conveniebant,
369 1665 398 1695 &
414 1669 645 1699 consistebant.
671 1668 781 1699 Valer.
794 1669 934 1700 Maxim.

98 1704 153 1735 lib.
168 1706 199 1735 2.
227 1717 297 1746 cap.
322 1709 352 1739 2.
389 1709 534 1749 Senatus,
555 1712 674 1750 inquit,
697 1712 850 1741 assiduam
872 1717 936 1742 sta-

97 1747 210 1779 tionem
228 1752 399 1792 peragebat
424 1763 458 1782 eo
484 1754 553 1793 loci,
576 1755 628 1793 qui
644 1754 788 1792 hodieque
804 1754 936 1785 Senacu-

96 1790 159 1821 lum
175 1794 371 1832 appellatur:
394 1805 450 1825 nec
476 1798 660 1836 expectabat
685 1801 719 1826 ut
745 1798 845 1827 edicto
869 1807 937 1828 con-

97 1833 281 1875 traheretur,
304 1838 357 1868 sed
379 1839 450 1868 inde
473 1840 586 1870 citatus
605 1839 748 1879 protinus
769 1840 804 1869 in
823 1841 936 1870 curiam

96 1878 244 1910 veniebat.
290 1880 413 1911 Plinius
428 1881 533 1922 Epist.
578 1883 722 1921 Plerique
738 1883 770 1912 in
795 1883 935 1913 stationi-

96 1917 149 1949 bus
163 1922 267 1952 sedent
282 1929 455 1963 tempusque
465 1926 615 1956 audiendo
621 1925 752 1963 fabulas
765 1931 934 1956 conterunt.

97 1961 182 1993 Gell.
207 1965 260 1996 lib.
293 1968 344 1997 13.
369 1977 437 2006 cap.
467 1971 516 1998 125.
553 1969 657 2006 refert,
693 1969 866 2008 quaesitum
896 1971 932 2000 in

95 2005 259 2046 plerisque
287 2010 399 2040 Romae
420 2012 610 2042 stationibus
636 2013 698 2043 Jus
726 2011 853 2051 publice
875 2013 930 2043 do—

96 2050 256 2089 centium,
277 2061 332 2090 an,
356 2054 414 2083 &c.
446 2053 588 2085 Turneb.
622 2055 677 2085 lib.
709 2057 736 2085 1.
777 2064 847 2094 cap.
879 2058 930 2087 17.

97 2090 285 2139 Suspicatur
300 2095 353 2125 hic
368 2096 503 2136 intelligi
515 2104 662 2137 oportere
674 2098 929 2137 municipiorum

95 2137 259 2174 stationes,
281 2146 354 2176 quae
369 2146 458 2168 erant
472 2140 507 2169 in
523 2141 590 2171 foro
604 2142 762 2178 Romano,
790 2151 929 2179 quarum

97 2178 248 2209 meminit
280 2180 359 2210 Plin.
375 2181 429 2210 lib.
449 2181 497 2212 16.
524 2192 594 2222 cap.
611 2185 664 2213 44.
708 2183 828 2214 Verum
853 2195 934 2224 qua-

96 2221 187 2252 slibet
205 2222 313 2254 Roma:
336 2223 486 2255 stationes
503 2227 531 2256 Sc
549 2226 821 2257 confabulationes
838 2228 855 2257 a
870 2228 892 2258 J
895 2238 930 2259 u-

96 2266 211 2295 venale
225 2268 392 2307 significari
404 2269 474 2297 satis
489 2274 629 2308 apparet.

144 2307 239 2340 Omne
251 2311 415 2349 theatrum]
439 2310 563 2342 Omnes
579 2313 637 2351 qui
651 2312 690 2341 ad
707 2313 888 2352 spectacula
900 2316 928 2345 8<

95 2349 186 2382 ludos
202 2356 404 2385 conveniunt
419 2356 446 2382 &
462 2361 576 2387 astant.

140 2396 169 2425 5.
193 2397 243 2427 De
254 2397 376 2437 Rutilo]
400 2397 466 2431 Qui
492 2399 646 2429 devomtis
670 2398 775 2437 bonis,
799 2404 836 2429 ut
857 2401 924 2430 vic-

95 2441 167 2469 tum
199 2441 350 2480 deinceps
381 2441 510 2478 habeat,
537 2442 755 2482 gladiatoriam
786 2448 926 2482 exercet,

95 2481 244 2522 adigente
260 2485 394 2524 quidem
410 2485 535 2523 inopia,
559 2495 626 2515 non
651 2491 760 2515 autern
778 2485 846 2515 ullo
860 2485 930 2516 Ne-

96 2532 173 2554 rone
186 2535 242 2557 aut
258 2528 422 2566 Tyranno,
446 2532 483 2556 ut
499 2528 587 2558 olim.
632 2528 720 2557 Vide
745 2528 811 2558 Sat.
830 2529 861 2557 2.
885 2529 926 2560 ad

95 2576 161 2596 ver.
181 2571 251 2600 143.
276 2572 304 2600 δι
327 2581 395 2610 seq.
440 2570 528 2600 Idem
555 2572 620 2601 Sat.
639 2571 668 2601 8.
692 2570 731 2600 ad
760 2580 821 2601 ver.
853 2572 925 2603 193.

98 2610 127 2639 δε
143 2610 219 2641 ibid.
240 2612 361 2644 Annot.

139 2654 168 2682 7.
194 2653 262 2684 Nec
280 2656 458 2694 prohibente
485 2655 629 2695 Tribuno]
659 2656 841 2688 Tribunum
857 2657 926 2687 obi-

97 2699 144 2725 ter
174 2701 274 2734 taxat,
306 2701 364 2737 qui
392 2701 551 2738 ejusmodi
578 2700 666 2730 urbis
693 2701 846 2730 dedecora
871 2701 924 2731 de-

95 2737 215 2769 buisset
231 2740 396 2780 impedire.
443 2743 495 2772 Ex
512 2744 587 2773 locis
604 2753 684 2773 mox
698 2744 809 2773 citatis.

139 2783 168 2811 8.
191 2783 366 2822 Scripturas
377 2785 473 2826 leges]
495 2786 748 2818 Tractandorum
764 2796 926 2818 armorum

97 2826 256 2856 rationem
274 2835 311 2857 ut
327 2829 464 2866 ediscat;
489 2840 532 2860 an
547 2831 645 2860 etiam
675 2835 712 2859 ut
736 2830 837 2860 tradat
851 2831 925 2860 artis

92 2868 161 2905 jam
180 2869 320 2908 peritus?
358 2871 490 2901 Sueton.
508 2873 576 2904 Jul.
595 2874 666 2904 Ces
702 2883 770 2911 cap.
789 2874 844 2903 26.
874 2873 926 2902 Ti-

91 2920 190 2948 rmzes,
214 2913 332 2951 inquit,
354 2923 448 2952 neque
469 2914 502 2944 in
528 2915 611 2952 ludo,
634 2925 728 2954 neque
750 2926 806 2953 per
833 2915 926 2945 lanis-

96 2958 158 2989 tas,
181 2956 234 2984 sed
256 2955 289 2985 z'n
316 2956 449 2987 domibus
466 2967 524 2995 per
548 2959 680 2998 Equites
703 2957 866 2996 Romanos,
889 2968 926 2988 ac

93 2997 185 3026 etiam
193 3008 251 3037 per
266 2994 425 3030 Senatores
440 3010 588 3031 armorum
609 3004 726 3041 peritos
745 3002 901 3031 erudiebat
910 3012 926 3036 ,⁴

90 3040 229 3077 precibus
263 3042 392 3082 enitens,
435 3047 471 3073 ut
507 3045 700 3085 disciplinam
736 3044 925 3085 singulorum

93 3083 291 3125 susciperent,
314 3085 430 3127 ipsique
442 3086 559 3120 dictata
573 3087 777 3121 exercentibus
791 3089 911 3121 durent.

1023 1362 1126 1404 Regia
1149 1361 1257 1404 verba]
1296 1364 1453 1403 Superba,
1484 1363 1700 1402 imperantia:
1726 1374 1817 1404 urge,

982 1413 1136 1446 percute;
1161 1408 1285 1446 attolle,
1309 1408 1447 1444 declina,
1474 1408 1532 1437 ἃς.

1024 1451 1055 1481 9.
1089 1451 1212 1481 Multos
1232 1451 1322 1490 pori-‹¹›
1343 1451 1438 1488 vides,
1461 1450 1527 1489 (δἀ]
1562 1448 1738 1488 Obaeratos,
1762 1451 1821 1489 qui

981 1493 1063 1534 gulae
1080 1494 1292 1524 nihilominus
1320 1494 1504 1532 indulgent,
1527 1498 1628 1532 atque
1656 1494 1673 1522 ὲ
1699 1494 1819 1524 credita

981 1537 1039 1567 sibi
1063 1537 1202 1576 pecunia
1227 1537 1325 1577 dapes
1351 1537 1453 1567 lautas
1479 1542 1595 1566 emunt
1623 1537 1718 1567 etiam
1747 1546 1820 1567 caro

984 1580 1097 1619 pretio.

1025 1623 1078 1653 Ad
1099 1624 1196 1663 ipsum
1221 1624 1352 1654 creditor
1372 1622 1543 1662 introitum,
1569 1622 1637 1662 ⁴512]
1676 1623 1820 1654 Creditor

981 1666 1057 1696 alibi
1082 1668 1188 1697 elusus
1212 1668 1272 1697 scit
1296 1667 1473 1698 debitorem
1501 1667 1708 1696 luxuriosum
1735 1668 1819 1698 certe

981 1709 1117 1740 inveniri
1144 1711 1184 1740 ad
1213 1711 1389 1740 macellum
1422 1712 1450 1739 &⁷
1482 1711 1603 1748 forum,
1642 1710 1698 1739 ubi
1729 1712 1818 1741 lauta

981 1759 1138 1782 emuntur
1153 1754 1300 1784 obsonia.
1345 1754 1413 1784 Illic
1430 1754 1528 1793 igitur
1542 1758 1708 1792 expectat,
1727 1760 1763 1784 ut
1775 1755 1815 1785 ab

981 1804 1020 1824 eo
1037 1796 1142 1825 foenus
1159 1797 1279 1835 exigat.

1026 1840 1075 1868 11.
1099 1837 1215 1870 Quibus
1229 1839 1261 1868 in
1277 1841 1350 1878 solo,
1363 1840 1431 1878 ege]
1447 1839 1515 1872 Qui
1528 1839 1644 1869 vivunt
1655 1843 1693 1869 ut
1705 1840 1816 1880 edant,

980 1890 1121 1920 quorum
1138 1881 1230 1912 Deus
1247 1888 1357 1912 venter
1373 1889 1429 1912 est.

1024 1926 1074 1954 12.
1108 1924 1280 1965 Egregius]
1318 1925 1501 1963 Comparat.
1542 1925 1642 1965 magis
1679 1927 1813 1967 egregie.

978 1967 1028 1996 Sic
1042 1967 1139 1998 etIam
1159 1967 1288 1997 Lucret.
1313 1969 1366 1997 lib.
1389 1971 1418 1997 4.

1059 2009 1145 2040 Nam
1181 2010 1259 2040 nihil
1291 2010 1445 2051 egregiae,
1482 2012 1572 2049 quam
1599 2019 1645 2040 res
1664 2020 1816 2042 secernere

1104 2057 1228 2091 apertas

1060 2098 1087 2127 A
1103 2097 1211 2126 dubiis.

1021 2140 1072 2169 13.
1096 2140 1278 2170 Per-lucente
1303 2139 1407 2179 ruina]
1432 2140 1624 2179 Metaphora
1650 2139 1670 2170 a
1696 2142 1813 2172 rimoso

977 2183 1098 2222 pariete
1111 2184 1160 2212 vel
1179 2183 1320 2213 aedificio.

1021 2228 1070 2256 14.
1095 2226 1210 2256 Gustus
1223 2230 1367 2256 elementa
1378 2237 1436 2266 per
1451 2227 1549 2256 omnia
1566 2227 1718 2266 quoerunt]
1745 2227 1812 2259 Un-

974 2268 1074 2308 dique
1089 2276 1257 2301 accersunt
1272 2280 1338 2309 quo
1354 2271 1481 2300 delicati
1505 2270 1605 2309 palati
1619 2270 1747 2301 fastidio
1763 2281 1811 2302 sa·

974 2312 1143 2343 tisfaciant.

1014 2355 1175 2386 Elementa
1187 2366 1245 2395 per
1260 2356 1373 2393 omnia]
1410 2356 1462 2386 Ex
1489 2354 1559 2386 a'e‘re
1589 2356 1743 2395 volucres,
1763 2368 1807 2389 ex

970 2399 1061 2437 aquis
1078 2399 1190 2437 pisces,
1202 2399 1220 2428 ὲ
1236 2405 1318 2429 terra
1333 2400 1426 2436 teras,
1443 2399 1580 2436 boletos,
1596 2400 1721 2438 tubera,
1737 2411 1808 2432 om-

970 2442 1023 2471 nia
1039 2443 1193 2480 exquisiti
1208 2444 1327 2481 saporis
1344 2443 1533 2481 exquirunt.

1016 2486 1066 2514 15.
1091 2485 1256 2524 Nunquam
1272 2485 1371 2514 animo
1382 2485 1493 2523 pretiis
1505 2485 1708 2524 obstantibus]
1742 2486 1808 2517 Ne-

969 2526 1049 2560 dum
1063 2530 1174 2558 carita÷
1190 2529 1295 2558 obstet
1314 2529 1340 2556 ἃ
1357 2527 1552 2557 desiderium
1569 2529 1710 2567 minuat,
1722 2531 1805 2569 quin

970 2571 1074 2608 potius
1090 2577 1187 2611 auget
1202 2580 1327 2609 semper
1345 2572 1373 2600 ὅ(
1391 2570 1491 2609 magis
1508 2572 1657 2601 oblectat.

1017 2616 1063 2644 17.
1090 2614 1177 2654 Ergo
1193 2613 1274 2642 haud
1288 2612 1420 2651 difficile,
1437 2614 1506 2652 [μη]
1529 2614 1804 2654 Quandoquidem

969 2665 1007 2685 ea
1031 2667 1104 2696 quae
1135 2658 1234 2696 pluris
1261 2662 1418 2685 emuntur
1445 2657 1588 2694 obsonia,
1612 2657 1674 2687 hoc
1702 2662 1804 2699 magis

969 2705 1132 2738 appetunt
1162 2699 1265 2738 gulosi
1292 2699 1349 2732 illi.
1385 2698 1462 2730 hinc
1490 2706 1526 2730 ut
1553 2710 1590 2729 ea
1619 2709 1804 2732 mercentur

968 2743 1052 2772 nihil
1079 2748 1198 2781 putant
1222 2741 1366 2779 difficile,
1390 2743 1457 2772 sive
1485 2744 1725 2782 oppigneranda
1763 2747 1803 2776 sit

969 2786 1133 2824 supellex,
1152 2787 1180 2815 <Se
1204 2785 1464 2815 contrahendum
1491 2796 1532 2816 aes
1557 2787 1714 2826 alienum,
1737 2789 1803 2818 sive

969 2827 1171 2858 distrahenda
1187 2828 1292 2857 matris
1309 2827 1441 2868 effigies.

1012 2871 1188 2901 Perituram
1203 2880 1351 2900 arcessere
1366 2873 1525 2911 summam]
1549 2873 1735 2912 Pignoribus
1749 2873 1805 2903 da·

971 2914 1021 2952 tis,
1048 2915 1066 2943 a
1090 2914 1296 2944 creditoribus
1309 2923 1436 2945 sumere
1450 2916 1625 2954 pecuniam
1643 2916 1726 2944 luxu
1741 2915 1802 2946 dis-

968 2957 1176 2995 perdendam.

1015 3001 1062 3030 18.
1091 3000 1244 3031 Lancibus
1275 3001 1434 3040 oppositis]
1481 3000 1744 3040 Supellectilibus
1770 3002 1803 3033 in

969 3043 1085 3086 pignus
1101 3045 1224 3083 positis.

1013 3087 1131 3120 Matris
1153 3087 1287 3130 imagine
1302 3087 1432 3128 fractd]
1459 3085 1532 3122 Quae
1555 3087 1587 3117 in
1603 3097 1677 3117 auro
1692 3087 1740 3118 vel
1756 3098 1808 3119 ar·
