1948 3281
721 103 908 148 PERSII
941 102 1160 148 SATIRA
1191 103 1228 145 I.

97 196 185 240 Scit
205 196 339 240 risisse
360 197 469 240 vafer
487 212 497 240 z
530 196 713 240 multum
734 195 906 253 gaudere
928 205 1108 252 paratus,

97 255 142 297 Si
161 255 322 312 Cynico
343 255 508 298 barbam
531 255 716 311 petulans
734 254 919 301 Nonaria
940 253 1076 295 vellat.

97 313 179 354 His
201 315 322 355 mane
345 313 543 364 edictum,
568 322 661 369 post
681 310 849 367 prandia
870 311 1112 353 Callirhoen
1135 309 1204 352 do.

1733 103 1818 145 283

1305 202 1402 232 super
1419 192 1534 223 tabella
1561 200 1718 232 exaratas,
1743 196 1765 232 ἐς
1785 193 1825 224 li-

1305 246 1379 266 neas
1407 235 1657 267 Geometrarum
1689 238 1827 277 descrip-

1305 284 1355 310 tas
1380 279 1412 309 in
1440 289 1535 308 arena
1561 279 1704 308 sulcata:
1730 288 1824 310 caete-

1305 324 1375 352 rum
1387 322 1532 361 proclivis
1546 323 1647 352 estad
1663 321 1829 352 loetandum

97 371 203 409 valde,
225 372 398 411 siquando
421 373 563 402 meretrix
587 372 702 402 lasciva
727 370 850 400 barbam
874 369 995 400 vellicet
1011 368 1135 408 Cynico.
1181 366 1258 398 Istis
1269 365 1420 395 matutino
1436 369 1567 404 tempore
1581 365 1741 404 decretum,
1757 370 1830 404 post

92 414 255 453 prandium
272 416 344 445 vero
361 415 541 445 Callirhoen
557 417 697 446 concedo.

98 587 214 629 figuras
231 588 493 627 Mathematicas,
517 589 545 619 ἃ
571 589 648 620 alias
674 587 820 619 liberales
837 588 941 617 erudi-

100 638 216 671 tasque
240 632 430 672 disciplinas.
477 631 563 662 Vide
580 633 664 664 Coel.
680 631 815 671 Rhodig.
840 631 892 661 lib.
913 633 942 660 7.

103 684 176 714 cap.
194 676 246 706 230.

144 718 190 748 Et
204 722 286 748 seclo
303 719 334 748 t'rt
350 719 478 757 pulvere
491 718 603 757 metas]
626 717 855 748 Mathematici
872 716 944 755 pul-

103 771 211 793 verem
243 763 337 792 humi
362 763 565 802 spargebant,
589 763 617 791 ἀ
645 762 678 791 in
697 770 737 790 eo
764 760 895 799 pulvere
909 760 944 789 fi-

102 814 195 844 guras
222 805 441 835 describebant
468 806 562 835 radio.
608 804 645 835 In
674 813 709 833 ea
733 803 945 841 occupatione

102 849 248 879 intentus
276 849 487 878 Archimedes
514 849 614 888 captis
641 847 806 885 Syracusis
833 845 946 875 misere

103 893 228 923 occisus
258 900 303 922 cst
333 892 348 920 ξι
373 891 522 921 Romano
553 892 671 921 milite.
718 890 783 919 Tit.
799 888 871 918 Liv.
891 888 947 918 lib.

104 936 156 964 Ξῖ).
204 934 395 966 Plutarchus
410 934 503 964 refert
517 934 667 973 Dionysii
683 933 815 972 Regiam
834 932 946 970 pulve-

105 979 263 1008 rulentam
280 978 389 1015 tuisse,
414 978 454 1006 oh
471 988 583 1008 eorum
600 976 860 1013 multitudinem,
884 975 943 1014 qui

104 1021 337 1055 Geometricas‚
362 1021 394 1049 in
411 1022 547 1060 pulvere
561 1021 676 1061 figuras
692 1019 907 1048 delineabant,

146 1064 269 1103 flletus]
296 1064 424 1101 Lineas,
463 1074 536 1103 φιτ
561 1071 639 1095 sunt
667 1063 757 1092 velut
788 1067 882 1091 metae
915 1062 943 1090 δε

103 1106 194 1146 fines,
219 1108 337 1147 quibus
362 1109 570 1146 componitur
594 1106 747 1146 quaelibet
771 1104 883 1143 figura,
909 1114 944 1134 ac

105 1153 303 1182 terminatur.
353 1151 536 1180 Exarantur
555 1158 665 1180 autern
693 1149 752 1178 111ae
775 1147 884 1187 figurae
909 1157 945 1177 ac

104 1194 198 1224 lineae
225 1197 257 1225 in
283 1195 427 1234 pulvere,
453 1199 490 1223 ut
512 1194 537 1223 si
563 1193 639 1233 quid
665 1199 789 1222 rectum
805 1197 948 1229 nonest,

104 1237 202 1268 facile
217 1239 403 1277 corrigatur.

154 1283 224 1312 152.
249 1282 389 1311 Blulrum
403 1281 539 1321 gaudere
549 1278 695 1320 paratus]
718 1277 755 1308 In
767 1287 805 1308 eo
820 1277 947 1307 tantum

107 1333 209 1355 navus
228 1325 256 1355 δε
275 1326 374 1362 υἱεῖ,
398 1331 433 1354 ut
463 1324 605 1353 derideat
629 1322 827 1353 eruditorum
853 1321 948 1350 serias

108 1370 357 1407 occupationes:
383 1368 507 1406 quique
535 1367 652 1407 gaudet
668 1364 880 1404 Philosophus
895 1363 948 1393 lu-

107 1411 210 1441 dibrio
230 1412 349 1441 haberi.

154 1456 226 1485 153.
240 1454 369 1495 Cynico]
386 1454 445 1484 Pro
462 1453 660 1493 quibuslibet
676 1449 878 1490 Philosophis
891 1459 947 1480 no-

110 1498 214 1528 minat
230 1498 370 1537 Cynicos
389 1497 522 1527 Persius.
569 1498 669 1527 Porro
687 1502 771 1526 secta
788 1495 841 1524 illa
856 1494 947 1523 valde

110 1549 176 1571 erat
194 1541 302 1571 odiosa
317 1542 357 1571 ob
375 1542 631 1578 mordacitatem,
655 1540 696 1570 ob
713 1548 814 1578 quam
833 1537 949 1576 Cynici

111 1584 189 1614 dicti
220 1592 295 1615 sunt
322 1585 378 1614 illi.
425 1584 569 1614 Laertius
599 1583 639 1613 de
669 1583 816 1620 Diogene
845 1579 949 1619 refert,

113 1628 201 1665 quod
217 1628 427 1667 interrogatus
444 1637 542 1666 quare
559 1626 645 1656 canis
662 1626 888 1665 appellaretur,
905 1632 950 1653 re·

111 1671 258 1709 spondit:
284 1671 355 1709 quia
371 1670 403 1699 in
416 1679 463 1699 eos
477 1671 528 1709 qui
542 1670 632 1707 dant,
655 1668 796 1698 blandior
810 1678 873 1697 sum
886 1679 894 1694 .·
919 1667 951 1695 in

111 1723 162 1743 eos
174 1715 228 1753 qui
244 1723 301 1743 non
318 1715 408 1751 dant,
432 1712 549 1742 oblatro
561 1724 573 1747 ,·
595 1711 692 1742 malos
707 1715 806 1740 autem
822 1711 951 1740 mordeo.

112 1757 180 1786 Alii
197 1758 236 1787 ab
251 1757 463 1787 obscoenitate
478 1755 618 1795 Cynicos
633 1756 748 1786 volunt
761 1763 884 1784 nomen
897 1754 952 1782 ha-

112 1799 229 1830 buisse.
274 1801 355 1829 Vide
374 1800 475 1829 Laert.
492 1799 546 1828 lib.
564 1798 594 1829 6.

156 1842 313 1884 Barbam]
350 1843 459 1872 Atrox
484 1849 550 1871 erat
578 1842 693 1880 injuria
723 1842 751 1871 ἃ·
778 1840 953 1870 ludibrium

113 1885 243 1917 barbam
260 1887 378 1917 vellere
395 1885 491 1915 alicui
507 1890 667 1924 tanquam
692 1885 783 1915 fatuo
799 1883 953 1913 nimirum

117 1932 147 1961 dc
170 1931 294 1961 stolido,
340 1929 456 1959 Horat.
483 1928 536 1957 lib.
564 1932 591 1958 1.
616 1930 680 1958 Sat.
705 1929 735 1958 8.
759 1927 819 1957 sub
841 1927 953 1956 finem.

115 1974 211 2005 Porro
228 1972 417 2013 Philosophi
444 1971 572 2002 barbam
597 1971 785 2012 promissam
812 1971 895 2000 alere
909 1969 955 1999 af·

989 587 1174 618 sectabant:
1204 586 1349 624 hincque
1373 584 1551 623 sapientem
1576 582 1707 612 barbam
1738 585 1832 611 vocat

990 631 1156 661 Horatius.
1201 629 1284 658 Vide
1299 628 1379 658 infra
1396 627 1460 657 Sat.
1480 629 1509 656 4.
1530 635 1593 656 ver.
1613 628 1641 656 1.

1037 671 1154 714 l'ellat]
1186 672 1234 702 Ut
1258 672 1342 710 Lays
1366 671 1521 710 Diogeni,
1544 670 1602 709 qui
1629 668 1831 699 meretricem

987 717 1071 747 hanc
1085 716 1217 753 amavit,
1241 722 1278 744 ut
1294 720 1427 745 testatur
1440 713 1565 743 Athen.
1586 712 1641 742 lib.
1660 712 1713 742 13.

1031 759 1190 798 Nonaria]
1215 758 1369 789 Meretrix
1383 756 1560 795 juvenibus
1582 755 1771 794 perniciosa,
1797 758 1834 784 ut

991 804 1124 842 quidam
1152 802 1278 839 volunt,
1302 802 1346 830 sic
1371 800 1453 830 dicta
1481 800 1497 828 a
1515 798 1628 836 Nonis,
1651 807 1725 837 φιτ
1751 798 1834 828 inter

991 847 1148 876 infaustos
1171 846 1238 875 dies
1265 844 1492 874 censebantur.
1550 842 1695 872 Macrob.
1729 841 1784 871 lib.
1803 842 1832 870 1.

993 891 1045 920 vel
1073 889 1192 929 potius,
1216 898 1289 928 qua:
1320 893 1440 926 prostat
1466 886 1504 915 ab
1532 885 1610 915 hora
1636 893 1734 922 nona,
1759 885 1789 913 ὃς
1815 884 1832 914 a

991 933 1139 972 prandio,
1164 933 1239 962 curn
1263 932 1330 969 jam
1358 929 1496 969 negotiis
1512 929 1664 959 homines
1680 933 1757 957 sunt
1772 928 1831 965 mi<

992 977 1051 1006 nus
1069 976 1230 1014 occupati.

1035 1022 1105 1050 1234.
1130 1017 1207 1059 His]
1241 1017 1374 1048 Talibus
1401 1015 1590 1047 hominibus
1619 1014 1776 1053 imperitis
1803 1014 1831 1043 ἀ

988 1063 1120 1102 ineptis,
1143 1063 1258 1092 artium
1275 1061 1456 1091 liberalium
1474 1069 1509 1089 ac
1525 1059 1732 1088 scientiarum
1747 1057 1833 1086 inca·

990 1107 1136 1146 pacibus,
1160 1105 1280 1135 mando
1296 1105 1325 1134 ἀ
1345 1104 1500 1143 indulgeo
1515 1101 1744 1141 occupationes
1766 1100 1835 1140 dig-

990 1159 1047 1180 nas
1061 1159 1107 1188 se,
1129 1148 1249 1187 nempe
1267 1155 1426 1187 quaestum
1446 1148 1473 1176 δε
1493 1146 1688 1183 voluptates.

1035 1192 1137 1223 Mane
1163 1189 1313 1232 edictum]
1347 1190 1471 1221 Forum
1497 1189 1592 1219 mane
1623 1192 1751 1226 petant,
1776 1186 1834 1216 ubi

991 1236 1134 1266 Praetoris
1163 1236 1267 1265 edicta
1292 1234 1470 1274 excipiant,
1497 1237 1610 1262 vacent
1636 1231 1771 1271 avaritiae
1803 1231 1832 1259 ἄ

992 1280 1109 1310 foenori
1126 1278 1298 1316 exigendo.

1034 1322 1110 1352 Post
1119 1321 1270 1361 prandia]
1294 1321 1368 1351 Post
1380 1319 1486 1350 forum
1504 1318 1702 1358 prandeant:
1726 1326 1763 1346 ac
1778 1315 1832 1346 de-

991 1366 1065 1396 inde
1092 1375 1148 1405 per
1163 1365 1250 1394 diem
1267 1364 1432 1403 reliquum
1457 1362 1647 1401 indulgeant
1661 1360 1831 1399 voluptati.

992 1409 1040 1439 Ea
1064 1414 1111 1439 est
1141 1408 1230 1447 plebi
1264 1407 1419 1446 imperita·
1444 1405 1684 1436 accommodata
1706 1402 1834 1433 vivendi

992 1459 1081 1481 ratio.

1038 1493 1232 1533 Callirhoen]
1256 1493 1322 1524 Vel
1339 1498 1479 1523 scortum
1497 1491 1631 1531 aliquod
1647 1489 1807 1521 famosum
1825 1502 1833 1519 ε

991 1539 1042 1568 vel
1077 1539 1216 1568 scenicos
1243 1537 1349 1575 ludos,
1373 1536 1401 1566 δε
1430 1535 1573 1566 fabulam
1604 1534 1646 1564 de
1675 1533 1836 1564 Callirhoe

993 1589 1073 1612 tunc
1095 1582 1247 1621 tempori<
1275 1580 1423 1611 exhiberi
1447 1579 1598 1616 solitam3
1625 1576 1674 1606 vel
1698 1577 1835 1607 natatio-

994 1635 1070 1655 nem
1090 1627 1117 1654 ἅ-
1142 1624 1440 1655 deambulationem
1467 1621 1507 1652 ad
1528 1622 1652 1651 fontem
1672 1621 1760 1650 istius
1776 1629 1837 1650 no-

995 1669 1091 1698 minis
1107 1669 1141 1698 in
1156 1669 1274 1698 Attica.
1321 1666 1499 1696 Contendit
1513 1664 1679 1695 Marcilius
1694 1663 1836 1693 referen-

996 1711 1076 1742 dum
1103 1721 1171 1741 esse
1197 1711 1235 1741 ad
1252 1711 1431 1747 Neronem,
1456 1708 1514 1749 qui
1537 1707 1705 1746 popellum
1731 1707 1838 1736 edicto

994 1760 1135 1792 vocaret,
1160 1755 1189 1784 &
1215 1762 1419 1784 cantaturum
1446 1761 1479 1781 se
1492 1751 1678 1782 Callirhoen
1702 1750 1836 1789 promit-

998 1805 1079 1828 teret
1093 1809 1100 1827 :
1128 1804 1164 1827 ut
1180 1798 1218 1827 sit
1235 1797 1331 1827 Persii
1344 1804 1476 1825 sensus:
1509 1794 1586 1824 tales
1605 1803 1663 1832 ego
1679 1793 1838 1824 auditores

998 1842 1074 1871 hinc
1091 1841 1109 1870 ὲ
1132 1841 1211 1871 meis
1229 1840 1337 1870 Satiris
1361 1839 1474 1878 ablego
1499 1837 1538 1868 ad
1560 1836 1721 1867 audienda
1736 1835 1839 1866 Nero-

999 1885 1047 1914 nis
1074 1884 1186 1923 inepta
1213 1883 1378 1920 carmina3
1414 1889 1574 1919 suamque
1601 1879 1761 1918 Interpres
1786 1879 1841 1909 ille

998 1927 1087 1957 fulsit
1104 1928 1292 1966 opinionem
1308 1935 1350 1955 ex
1376 1934 1414 1954 eo
1436 1924 1525 1964 quod
1541 1923 1707 1953 Neronem
1731 1922 1764 1952 in
1779 1922 1843 1952 hac

1001 1971 1102 2001 Satira
1119 1971 1239 2001 Persius
1256 1967 1417 2009 praecipue
1433 1972 1567 2007 spectet.

880 2122 1079 2129 ———-

747 2262 1078 2325 SATIRA
1125 2263 1212 2324 ΙΙ.

120 2409 320 2463 HUNC,
351 2408 558 2461 Macrine,
582 2407 691 2451 diem
713 2423 884 2452 numera
899 2409 1068 2452 meliore
1086 2409 1241 2465 lapillo,

1404 2400 1777 2436 INTERPRETATlO.

1377 2457 1405 2488 Ο
1418 2457 1572 2494 Macrine,
1592 2457 1714 2486 ‘recense
1733 2455 1846 2495 optimo

1517 2499 1635 2530 calculo
1649 2499 1726 2529 diem
1741 2499 1847 2537 istum,

797 2544 1174 2578 ANNOTATIONES.

171 2639 199 2667 1.
217 2634 381 2677 M'acrine]
399 2634 594 2674 intelligunt
609 2632 760 2662 nonnulli
774 2632 960 2664 Minutium

127 2680 312 2711 Macrinum
325 2680 528 2715 Brixhnum,
553 2678 592 2706 de
608 2685 674 2714 quo
695 2677 900 2706 mentionem
916 2676 961 2706 fa-

127 2724 171 2753 cit
197 2721 320 2752 Plinius
348 2721 614 2761 perhonorificam
645 2719 702 2748 lib.
722 2723 751 2749 1.
779 2718 884 2757 Epist.
915 2720 962 2749 14.

127 2765 250 2795 Verum
281 2765 463 2795 doctissimo
491 2765 612 2802 cuique
638 2761 762 2792 videtur
785 2761 882 2791 fuisse
908 2771 963 2801 po·

128 2809 190 2839 tius
219 2808 338 2837 Plotius
366 2808 497 2846 quidam
528 2806 706 2842 Macrinus,
740 2815 841 2845 quem
871 2805 964 2835 Persii

129 2851 388 2889 condiscipulum
415 2851 583 2880 existimat
606 2849 703 2878 etiam
727 2848 823 2878 fuisse
847 2847 966 2878 Casau·

129 2895 247 2924 bouus.
292 2892 392 2922 Favet
417 2894 499 2923 certe
515 2901 607 2922 vetus
624 2892 824 2926 Scholiastes,
847 2891 905 2929 qui
921 2891 965 2920 sic

130 2937 229 2966 habet
252 2937 286 2965 in
315 2937 442 2965 huncce
462 2936 594 2966 locum:
628 2935 803 2973 alloquitur
826 2933 967 2964 Plotium

130 2979 317 3010 Macrinum
332 2979 499 3008 hominem
516 2978 591 3008 sane
607 2977 770 3008 eruditum
790 2978 817 3006 <Sc
836 2983 970 3015 patemo

131 3032 166 3052 se
181 3022 302 3053 affectu
317 3021 518 3063 diligentem,
542 3023 599 3061 qui
615 3022 649 3051 in
665 3020 762 3050 domo
777 3020 904 3050 Servilii
919 3020 969 3049 di·

132 3066 264 3103 dicent,
287 3065 304 3094 a
320 3074 387 3103 quo
408 3065 550 3104 agellum
565 3070 817 3106 comparaverat,
841 3063 971 3093 indulto

133 3109 192 3139 sibi
206 3109 309 3149 pretio
323 3107 498 3148 aliquanto.

1049 2635 1142 2664 Hunc
1154 2631 1232 2663 di'em
1248 2631 1386 2670 numera]
1409 2631 1498 2662 lnter
1522 2629 1642 2661 faustos
1666 2629 1732 2660 dies
1755 2638 1847 2660 com-

1004 2685 1086 2717 puta
1102 2678 1187 2707 diem
1213 2677 1317 2713 hunc,
1343 2675 1400 2713 qui
1428 2675 1484 2705 tibi
1512 2674 1628 2705 natalis
1652 2680 1712 2711 est,
1734 2672 1764 2702 δι
1782 2681 1849 2710 quo

1008 2720 1177 2759 propterea
1201 2720 1326 2748 bellurn
1350 2719 1441 2748 hunc
1457 2727 1515 2748 seu
1532 2719 1665 2748 Satiram
1688 2716 1775 2746 dono
1791 2713 1850 2744 tibi

1008 2764 1116 2793 mitto.
1166 2762 1295 2792 Scilicet
1316 2770 1385 2790 mos
1412 2766 1478 2792 erat
1500 2760 1588 2800 apud
1614 2765 1736 2790 veteres
1751 2757 1851 2787 natali

1008 2807 1189 2836 amicorum
1215 2805 1266 2834 die
1290 2805 1489 2835 munusculo
1512 2814 1566 2834 eos
1580 2804 1691 2843 aliquo
1705 2800 1851 2831 afficere:

1011 2849 1039 2878 &
1057 2849 1160 2879 Po‘erae
1176 2847 1309 2885 quidem
1331 2847 1485 2887 doctique
1511 2847 1668 2887 opuscula
1692 2854 1751 2874 sua
1765 2842 1852 2872 defe-

1012 2892 1133 2921 rebant.
1180 2889 1275 2923 Quod
1301 2890 1356 2920 hic
1385 2889 1459 2921 facit
1485 2890 1609 2922 Persius
1637 2897 1711 2927 erga
1736 2885 1853 2916 Macri-

1013 2944 1105 2964 num.

1056 2977 1189 3007 Meliore
1205 2976 1328 3017 lapillo]
1367 2976 1516 3008 Candido
1540 2973 1672 3014 nempe,
1710 2982 1777 3012 quo
1807 2981 1856 3002 res

1014 3019 1094 3050 laetae
1122 3021 1339 3059 notabantur;
1362 3021 1445 3050 sicut
1468 3025 1537 3049 atro
1554 3027 1601 3048 res
1623 3021 1744 3047 moestae
1763 3017 1790 3046 δι
1808 3015 1856 3045 in-

1014 3063 1133 3093 felices.

1017 3106 1158 3138 Maniai.
1174 3106 1338 3148 Epigram.
1356 3107 1406 3137 53.
1421 3105 1478 3137 lib.
1493 3105 1528 3136 9⁷:
