1948 3281
92 96 176 138 202
599 97 938 142 JUVENALIS
974 96 1194 142 SATIRA
1220 97 1303 143 XI.

88 195 153 258 gat
183 185 302 234 testudo
329 190 416 236 3²⁰4&
447 187 478 216 in
516 189 605 227 aquis
617 190 763 247 Qualis
783 190 823 232 in
846 189 1000 231 Oceani
1024 191 1151 231 fluctu
1177 191 1336 232 testudo
1359 199 1526 245 nataret,

119 239 215 259 ceam.
266 230 407 269 Trojanzs
431 231 603 266 conflatura

84 273 275 310 splendidum
303 275 325 311 ᾇ
347 275 464 303 illustre
485 279 602 304 susten-
618 247 788 289 Clarum
811 246 1057 302 Trojugenis
1078 247 1235 288 factura
1255 263 1299 289 ac
1322 249 1457 292 nobile
1471 251 1678 294 fulcrum:

87 318 273 346 iumentum.-
305 317 360 346 sed
380 316 528 347 lateribus
551 319 599 347 ‹le-
615 305 694 346 Sed
717 305 829 345 nudo
852 303 987 354 latere,
1014 305 1054 345 ὅτ.
1069 304 1199 359 parvis
1221 305 1333 346 frons
1356 321 1458 348 aerea
1477 309 1590 350 lectis

85 359 211 388 nudatis
225 369 262 388 αι·
279 359 372 389 ‘'wris
382 359 600 399 exiguisfrons
613 361 706 402 Vile
729 361 911 402 coronati
932 370 1054 415 caput
1076 361 1314 403 ostendebat
1341 364 1467 415 aselli,

81 410 168 473 §3223
178 402 675 485 Cssfjjlflssssftcis‘gpffmfffffffad
697 417 808 474 quod
831 418 970 459 lascivi
993 419 1186 460 ludebant
1208 419 1309 460 ruris
1331 420 1504 463 alumni.

82 487 229 517 trttirure
244 489 337 527 pueri
341 487 446 526 jvcose
460 488 594 517 tascii-ie-
618 476 645 515 Γ
647 476 726 516 ales
749 489 843 531 ergo
866 475 961 527 cibi,
986 475 1116 531 qualis
1139 476 1304 527 domus,
1328 488 1451 533 atque
1474 477 1667 534 supellex.

83 529 168 560 ⁶08⁸·
206 530 405 569 Itssquetssles
419 535 510 559 ‘³12³‘
525 532 727 573 epu-Tunc
751 532 878 584 rudis,
903 534 943 574 δε
963 533 1106 574 Graias
1128 533 1265 575 mirari
1288 536 1450 576 nescius
1471 545 1590 589 artes,

80 573 595 656 ²522ss{stoezfsszgffffleffgecfgssffj
610 589 792 631 Urbibus
816 591 977 641 eversis,
1001 591 1230 645 praedarum
1254 592 1295 633 in
1322 603 1430 647 parte
1453 597 1623 648 reperta,

77 666 150 688 rans
173 659 319 688 admirari
345 658 515 705 Graecqrum
542 660 590 688 in·
606 648 861 705 Magnorum
883 648 1082 690 artificum
1108 648 1315 705 frangebat
1337 651 1484 705 pocula
1505 651 1636 702 miles,

77 702 239 749 stuariam,
276 702 386 730 ‘fisum
420 701 669 746 civitatibusUt
692 704 864 760 phaleris
887 706 1078 762 gauderet
1098 721 1245 762 equus,
1269 708 1491 763 caelataque
1513 709 1637 751 cassis

73 747 332 826 ζῖωῖἰζῖῗῖζεζ
332 746 595 826 ᾗῖᾗζιΐέζοζὲἕξζ
607 763 821 804 Romuleae
844 763 1060 804 simulacra
1081 764 1175 804 ferae
1197 765 1626 829 mansuescerejussae

77 840 157 868 eum,
181 834 214 859 ut
231 840 324 868 equus
344 829 466 859 haberet
485 830 592 868 phale-
607 820 772 876 Imperii
796 820 896 872 fato,
917 821 957 862 δε
978 821 1165 877 geminos
1190 821 1265 862 sub
1288 837 1385 877 rupe
1406 823 1622 880 Quirinos,

75 883 156 945 2222ss
180 872 592 945 ᾖξέᾔίζῑγὲαέῑῖὦῖηπψῑα
605 879 670 919 Ac
694 878 847 921 nudam
868 878 1045 934 effigiem
1067 879 1209 933 clypeo
1229 879 1424 936 fulgentis
1450 881 1489 921 δε
1510 881 1641 932 hasta,

443 920 505 946 eret
528 916 591 954 effi*-

70 959 154 999 giem
183 958 289 988 helluae
314 959 449 996 Romuli,
473 959 591 989 volente
606 935 907 991 pendentisque
929 936 1009 976 Dei
1033 937 1209 990 perituro
1231 939 1460 978 ostenderet
1480 938 1605 979 hosti.

74 1001 202 1041 Imperii
226 1005 318 1039 sorte,
339 1002 525 1031 mitescentis
533 1013 547 1038 ;
569 1005 592 1040 «3
606 993 777 1049 Argenti
799 993 910 1049 quod
934 1003 1030 1044 erat,
1056 993 1151 1034 solis
1173 993 1356 1049 fulgebat
1377 994 1419 1035 in
1442 996 1579 1038 armis.

75 1045 159 1075 ⁶i⁷²⁰³
189 1044 330 1093 Q‘ffirinoe
356 1045 410 1074 ⁸⁷⁴⁶
440 1055 538 1105 ⁸73⁰?
568 1048 590 1082 ‘3
606 1050 816 1091 Ponebant
838 1050 961 1106 igitur
981 1051 1120 1091 Tusco
1142 1050 1285 1092 farrata
1306 1052 1442 1092 catino

73 1089 185 1117 nudum
209 1089 399 1117 Simulacrum
421 1088 498 1117 Dzzz
526 1098 590 1117 sus-

1731 539 1810 581 100

1727 824 1802 866 105

70 1132 260 1170 pensiscuto
281 1132 304 1168 53
329 1130 435 1160 lancea
459 1131 588 1160 rem'ten-
603 1107 759 1149 Omnia
781 1118 878 1148 tuuc
898 1124 909 1160 3
943 1107 1093 1163 quibus
1116 1107 1310 1158 invideas,
1336 1109 1368 1149 si
1391 1109 1583 1150 lividulus
1607 1110 1675 1151 sis.
1723 1112 1803 1152 llo

75 1175 125 1204 tis.
175 1174 325 1213 Quicquid
353 1178 419 1203 erat
453 1165 870 1220 ‹trgentz‘,'l'emplorum
893 1179 1059 1221 quoque
1080 1164 1269 1221 majestas
1294 1166 1546 1221 praesentior,
1573 1167 1612 1208 δι
1633 1183 1712 1210 vox

73 1217 106 1246 in
119 1218 210 1246 armis
220 1217 338 1246 tantum
349 1216 478 1246 lucebat.
517 1216 590 1246 Tum

73 1270 147 1299 ergo
159 1262 262 1298 pultes
276 1263 403 1289 cunctas
418 1260 606 1298 apponebant
621 1259 653 1288 in
666 1259 777 1297 patina
793 1258 940 1295 Etrusca,
954 1257 1060 1295 quibus
1075 1257 1225 1287 invideres
1239 1257 1265 1287 si
1284 1257 1375 1296 fores
1390 1258 1542 1288 tantulum
1563 1258 1692 1288 invidus.
1736 1258 1800 1289 Fa-

75 1312 178 1333 norum
193 1304 284 1333 etiam
300 1302 421 1333 Numen
429 1303 556 1344 propius
570 1302 677 1333 aderat
692 1314 697 1330 ι
722 1311 830 1340 nosque
846 1301 913 1331 istis
927 1300 1082 1330 admonuit
1099 1311 1156 1332 vox

121 1392 173 1421 94.
203 1389 312 1424 Qualis
327 1391 358 1420 in
377 1391 507 1429 Oceani]
542 1390 647 1420 Nemo
672 1388 824 1419 sollicitus
852 1395 918 1418 erat

78 1435 177 1473 quam
194 1435 327 1473 grandes
351 1435 385 1464 in
398 1434 508 1464 Indico
523 1434 656 1463 Oceano
672 1432 850 1461 testudines
865 1432 914 1461 in-

78 1479 275 1515 venirentur,
292 1478 349 1507 ubi
362 1477 550 1517 singularum
566 1475 720 1514 superficie
737 1473 917 1503 habitabiles

76 1529 154 1550 easae
166 1520 358 1560 integuntur,
373 1524 465 1558 atque
480 1521 558 1548 inter
572 1518 694 1547 Ins-ntus
708 1517 806 1546 Rubri
828 1518 917 1546 maris

79 1562 126 1593 his
148 1563 298 1604 navigant
323 1563 447 1593 cimbis:
492 1569 528 1593 ut
549 1562 691 1602 loquitur
715 1560 916 1591 P1m.1·1b.9.

80 1615 108 1635 c.
125 1608 175 1636 10.

127 1648 260 1679 Testnrlo
285 1650 424 1689 nataret]
455 1649 650 1680 Testndinunz
665 1648 733 1678 alite
751 1651 918 1686 terrestres,

78 1691 149 1722 alio:
163 1693 297 1731 rnarz‘nae,
315 1695 371 1723 &c.
423 1693 526 1723 Victus
536 1694 674 1733 geminus
690 1692 720 1721 in
736 1693 835 1730 aquis,
859 1695 919 1720 ter-

78 1736 174 1774 raque
185 1747 198 1771 ;
222 1738 245 1774 ἐς
259 1737 383 1774 effeetus
400 1737 474 1776 pari
486 1737 595 1765 honore
608 1735 751 1773 habendi,
768 1736 816 1763 vel
826 1744 917 1772 prop-

79 1783 126 1807 ter
143 1779 295 1809 excellens
309 1780 338 1809 z'n
356 1789 411 1809 usu
422 1781 569 1818 pretium,
592 1783 767 1817 naturoeque
777 1777 919 1816 propr-ie-

79 1825 182 1851 tatem.
227 1822 308 1852 Plin.
325 1823 379 1852 lib.
395 1824 445 1852 32.
465 1833 534 1862 cap.
551 1826 582 1853 4.

122 1866 173 1895 95.
203 1865 397 1906 Y'roJ'ugenis]
422 1866 571 1895 Romanis
586 1864 783 1902 Proceribus‚
807 1864 865 1903 qui
888 1872 920 1892 se

75 1909 202 1947 jactant
218 1909 235 1938 a
249 1909 396 1947 Trojanis
412 1909 575 1939 oriundos.

121 1951 258 1981 Factum
281 1962 318 1981 ac
343 1952 441 1982 nobile
458 1949 616 1992 fulcrum]
639 1950 721 1981 Usui
745 1949 854 1980 futura
879 1950 919 1979 ad

80 1995 305 2024 exornandum
323 1996 452 2033 spondae
467 1995 608 2024 fulcrum
634 1992 858 2033 putaminibus
886 1993 918 2022 in

79 2037 215 2068 laminas
239 2039 349 2067 sectis:
374 2048 415 2068 ex
443 2038 523 2067 Plin.
548 2038 623 2066 ante
652 2036 704 2067 cit.
728 2035 767 2065 ad
794 2044 917 2073 vocem,

81 2079 192 2118 Pollio,
209 2091 237 2110 v.
254 2082 305 2110 43.
323 2081 421 2117 hujus
442 2082 562 2110 Satirae.
581 2080 681 2118 Apul.
697 2078 917 2116 Metamorph.

81 2126 129 2152 10.
174 2123 409 2153 Disternebatur
433 2122 529 2152 lectus
552 2122 663 2151 Indica
679 2121 831 2151 testudine
849 2120 917 2158 pet-

77 2165 207 2205 lucidus,
215 2166 339 2206 plume&
351 2166 491 2207 congerie
503 2165 645 2203 tumidus,
661 2168 742 2194 veste
756 2163 916 2198 serictiflo-

78 2210 174 2239 ridus.
219 2209 358 2240 Martial.
375 2209 432 2238 lib.
451 2209 500 2238 12.
514 2209 677 2247 Epigram.
696 2208 748 2237 67.

165 2252 361 2282 Gemmantes
370 2250 612 2291 primajulgent
628 2250 778 2280 testudine
795 2248 873 2278 lecti.

122 2295 176 2326 96.
199 2296 292 2325 Nudo
308 2294 431 2334 latere]
454 2294 519 2324 Vel
537 2295 606 2324 sine
632 2293 746 2330 fulcro,
773 2293 823 2322 vel
850 2293 916 2323 sine

81 2345 207 2378 ornatu,
223 2339 289 2368 sola
305 2339 423 2376 fronte,
439 2338 514 2367 lecti
529 2346 589 2366 aere
606 2336 743 2367 munita.

123 2382 220 2412 Frons
235 2380 330 2422 oerea]
353 2380 446 2411 Lecti
462 2390 530 2419 pars
545 2381 681 2410 anterior
696 2388 784 2409 aerea.

122 2426 172 2455 97.
205 2424 271 2455 Vite
284 2424 421 2454 coronati
435 2427 528 2461 caput
541 2422 715 2452 ostendebat
731 2422 833 2460 aselli]
855 2421 916 2452 Vel

79 2466 218 2506 effigiem
235 2468 347 2507 capitis
361 2467 476 2497 asinini
492 2466 681 2497 ostendebat
695 2477 702 2494 ι
727 2465 777 2494 vel
799 2465 916 2504 signifi-

81 2516 184 2547 catur,
198 2519 318 2540 veteres
343 2511 414 2540 illos
429 2510 469 2540 ad
486 2519 613 2539 coenam
628 2509 830 2538 discumbere
846 2509 916 2537 soli-

82 2557 130 2581 tos
153 2553 187 2582 in
211 2555 284 2591 ipsis
309 2554 401 2593 agris,
426 2553 464 2583 ad
482 2562 622 2591 quotum
639 2551 768 2589 limites,
791 2560 834 2580 ex
850 2551 916 2580 He-

81 2600 256 2625 truscorum
276 2597 456 2635 disciplina,
483 2595 739 2634 suspendebatur
763 2594 843 2624 asini
867 2603 917 2623 ca-

80 2642 153 2676 put,
177 2639 337 2668 nudatum
363 2645 451 2677 cute,
476 2639 564 2668 sertis
589 2644 794 2675 coronatum,
817 2638 855 2667 ad
871 2646 917 2666 ar-

80 2680 193 2718 cenda,
233 2686 266 2710 ut
304 2682 486 2719 credebant,
515 2692 662 2721 agrorum
700 2679 917 2710 incommoda.

79 2723 196 2762 Itaque
223 2724 239 2752 ἐ
269 2733 379 2753 mensa
408 2725 564 2763 lectisque
587 2723 799 2754 discubitoriis
821 2724 919 2753 videri

79 2767 270 2805 ostendique
286 2773 411 2805 poterat
427 2768 592 2797 asininum
608 2767 688 2797 illud
711 2772 822 2805 caput,
839 2767 918 2803 circa

80 2809 168 2848 quod
185 2810 293 2839 ludere
309 2816 540 2839 consueverant
564 2811 658 2848 pueri
682 2819 753 2839 rure
777 2809 914 2840 educati.

82 2853 210 2891 Scoppa
224 2851 347 2882 collect.
366 2862 393 2880 c.
409 2852 461 2882 27.
479 2853 641 2882 Columel.

119 2895 214 2924 Nunc
225 2899 317 2934 ,caput
329 2894 489 2924 Arcadicae
497 2896 607 2924 nudum
619 2896 798 2933 cutefertur
808 2895 916 2925 asellae.

123 2937 408 2977 'Iyrrhenrcsfioeisse
428 2938 526 2976 Tages
541 2938 569 2966 in
587 2937 683 2967 limite
699 2940 787 2969 ruris.

121 2983 191 3011 100.
222 2982 307 3011 Tunc
330 2980 426 3018 rudis,
443 2979 509 3017 85⁶2]
537 2979 634 3009 Tunc
658 2982 747 3011 miles
771 2983 916 3021 ignorans

77 3025 219 3060 pretium
233 3033 382 3054 vasorum
407 3023 518 3053 eximii
533 3024 637 3062 operis
652 3032 708 3061 per
720 3023 829 3053 Graeos
845 3025 917 3053 arti·

77 3066 150 3094 tices
165 3067 410 3104 elaboratorum,
435 3075 471 3096 ea
487 3065 606 3097 temere
622 3065 801 3107 frangebat,
814 3067 852 3097 ad
869 3067 913 3098 fa-

77 3109 202 3139 ciendas
220 3119 304 3150 equo
320 3110 476 3150 phaleras.

1006 1387 1119 1418 Graias
1131 1388 1227 1428 artes]
1250 1389 1281 1419 A
1297 1389 1413 1419 Graecis
1427 1389 1525 1419 luxus
1539 1387 1677 1419 Romam
1692 1389 1798 1419 invec-

961 1437 1024 1462 tus.
1070 1432 1158 1461 Hinc
1175 1433 1239 1462 Sat.
1256 1433 1286 1461 3.
1303 1442 1332 1460 v.
1347 1434 1398 1461 60.
1415 1432 1510 1469 dixit,

1003 1474 1077 1504 ,Non
1089 1484 1210 1513 possum
1217 1475 1318 1512 ferre,
1337 1474 1482 1511 Quirites,
1500 1473 1636 1504 Groecam
1652 1475 1763 1504 urbem.

1008 1519 1081 1547 101.
1109 1516 1236 1547 Urbibus
1252 1518 1374 1556 eversis]
1398 1518 1435 1547 In
1457 1518 1635 1556 direptione
1658 1519 1800 1557 urbium,

963 1561 990 1591 6.-
1009 1561 1120 1599 praedae
1139 1565 1238 1599 parte,
1263 1570 1361 1600 quam
1378 1566 1493 1589 nactus
1509 1567 1583 1590 erat.

1008 1605 1080 1634 102.
1096 1604 1284 1644 Dsagnornm
1297 1603 1462 1642 artificum]
1484 1602 1530 1633 Ut
1545 1603 1677 1642 Phidiae‚
1693 1603 1799 1634 Praxi-

962 1647 1046 1686 telis,
1064 1647 1222 1686 Myronis,
1237 1650 1294 1676 Sic,

1010 1691 1081 1720 103.
1106 1688 1260 1728 Plzaleris]
1284 1690 1311 1720 E
1339 1689 1443 1719 fractis
1470 1689 1616 1729 poculis:
1656 1694 1692 1719 ut
1716 1699 1798 1720 mox

962 1735 1085 1764 dictum
1102 1739 1159 1763 est.

1007 1776 1184 1815 Caelataque
1199 1777 1306 1816 cassis]
1328 1777 1409 1807 Item
1426 1777 1465 1807 ad
1481 1775 1655 1806 caetandam
1676 1776 1710 1805 in
1732 1785 1798 1806 cas·

963 1821 1028 1850 side
1045 1820 1183 1859 effigiem
1209 1822 1293 1859 lupae
1316 1830 1388 1859 quae
1405 1820 1544 1850 Remum
1569 1827 1605 1848 ac
1620 1818 1796 1850 Romulum

963 1864 1072 1893 fratres
1089 1864 1234 1902 geminos
1248 1864 1383 1901 aluerat,
1396 1864 1454 1892 ἃς.

1010 1908 1080 1937 105.
1104 1906 1164 1935 Sub
1194 1906 1281 1946 rupe]
1318 1906 1382 1935 Ubi
1413 1905 1550 1943 expositi
1579 1903 1718 1943 fuerant,
1748 1906 1798 1936 vel

964 1951 1019 1980 ubi
1044 1949 1227 1978 fluitantem
1252 1949 1376 1978 Tiberis
1398 1949 1540 1985 alveum,
1569 1947 1601 1976 in
1626 1956 1726 1985 quem
1742 1949 1796 1978 ab·

959 1994 1039 2029 jecti
1055 1992 1145 2030 pueri
1163 1991 1221 2028 illi,
1237 1991 1343 2021 tenuis
1367 1992 1400 2020 in
1417 1991 1497 2020 sicco
1521 1999 1608 2028 aqua
1628 1990 1796 2029 destituit5

962 2037 995 2065 in
1020 2036 1168 2074 proxima
1196 2034 1324 2071 alluvie,
1352 2034 1391 2063 ad
1422 2033 1537 2063 Ficum
1568 2032 1795 2064 Ruminalem:

964 2079 1017 2107 ubi
1045 2079 1073 2106 &
1103 2077 1182 2115 lupa
1217 2077 1400 2106 summissas
1437 2075 1611 2105 infantibus
1639 2085 1798 2106 mammas

960 2121 1041 2150 adeo
1057 2120 1141 2150 mitis
1156 2120 1304 2158 praebuit.
1337 2119 1404 2149 Tit.
1419 2118 1487 2148 Liv.
1501 2118 1556 2148 lib.
1571 2120 1599 2147 1.
1611 2127 1638 2147 c.
1651 2120 1681 2148 4.
1715 2118 1798 2149 Vide

962 2164 990 2193 ἀ
1009 2164 1143 2202 Dionys.
1160 2162 1320 2192 Halicarn.
1337 2162 1390 2191 lib.
1409 2164 1436 2191 1.
1453 2161 1600 2198 Florum,
1620 2162 1678 2192 διε.

1007 2206 1080 2236 106.
1104 2205 1280 2245 fulgentis]
1324 2204 1392 2235 Alii
1419 2205 1544 2244 legunt,
1570 2204 1731 2242 venientis,
1757 2206 1798 2235 ad

962 2248 1088 2280 Rheam
1105 2247 1224 2288 nempe
1240 2248 1372 2278 Silviam
1384 2248 1478 2277 Remi
1490 2256 1527 2277 ac
1539 2247 1670 2277 Romuli
1682 2257 1796 2286 paren-

960 2299 1027 2323 tem
1044 2293 1060 2322 ὲ
1077 2293 1192 2323 Marte.

1007 2337 1079 2366 107.
1116 2334 1342 2374 Pendentz'sque
1370 2334 1448 2372 Dei]
1485 2333 1652 2364 Simulacri
1685 2332 1796 2363 Martis

960 2379 1026 2409 sive
1039 2380 1071 2409 in
1086 2378 1201 2417 clypeo
1218 2378 1326 2416 efficti,
1337 2378 1485 2415 adeoque
1499 2376 1669 2415 pendentis
1678 2385 1720 2405 ex
1733 2376 1795 2406 hu-

961 2432 1049 2452 mero
1065 2421 1203 2460 sinistro,
1230 2428 1266 2451 ut
1279 2421 1337 2458 fit3
1361 2421 1425 2449 sive
1439 2419 1581 2448 extantis
1610 2419 1644 2447 in
1666 2427 1795 2448 summa

961 2466 1092 2504 casside,
1119 2464 1237 2504 quibus
1264 2462 1455 2503 portentosis
1482 2461 1674 2501 imaginibus
1701 2462 1793 2490 miles

962 2508 1129 2539 Romanus
1145 2509 1270 2537 hostem
1288 2508 1320 2536 in
1336 2506 1424 2536 bello
1440 2505 1608 2541 territaret,
1623 2513 1658 2533 ac
1674 2504 1795 2535 invicto

962 2552 1075 2582 cedere
1094 2551 1232 2589 Imperio
1248 2555 1384 2589 cogeret.
1429 2549 1514 2577 Sunt
1526 2547 1584 2586 qui
1596 2547 1714 2585 legant,
1723 2556 1794 2585 per-

960 2595 1074 2634 dentis,
1102 2595 1156 2624 cui
1177 2593 1356 2633 respondet,
1381 2590 1548 2631 inquiunt,
1572 2599 1637 2620 vox
1656 2599 1793 2629 sequens

955 2638 1103 2675 perituro.

1007 2681 1077 2711 108.
1104 2680 1143 2710 In
1158 2679 1262 2719 armis]
1279 2679 1354 2710 Non
1370 2678 1403 2707 in
1417 2676 1621 2716 supellectili,
1634 2680 1691 2706 aut
1703 2676 1796 2706 vesti·

962 2725 1092 2762 mentis,
1107 2729 1143 2753 ut
1156 2732 1254 2752 nunc.

1007 2768 1080 2798 109.
1106 2767 1202 2796 Tusco
1215 2765 1333 2804 catino]
1357 2762 1462 2794 Fictili
1477 2772 1519 2792 ex
1535 2762 1671 2793 Etruria.
1713 2761 1796 2792 Vide

961 2811 1025 2839 Sat.
1040 2811 1072 2839 2.
1086 2810 1169 2839 Pers.
1182 2819 1202 2838 v
1226 2809 1277 2838 60.

1003 2852 1152 2890 Farrata]
1178 2852 1273 2881 Cibos
1294 2850 1311 2879 ὲ
1330 2849 1421 2887 farre,
1445 2849 1583 2887 pultem,
1604 2857 1677 2887 quae
1700 2847 1797 2878 fiebat

960 2895 977 2924 ὲ
995 2897 1098 2925 mixta
1115 2894 1269 2925 frumenti
1286 2894 1313 2922 δε
1330 2892 1474 2922 fabarum
1491 2892 1541 2921 vel
1557 2891 1668 2921 hordei
1682 2890 1796 2927 farina,

960 2938 1137 2968 diutissime
1147 2937 1305 2967 veteribus
1313 2936 1515 2972 usitatam,ut
1522 2935 1704 2964 notavimus
1711 2933 1796 2962 alibi.

1009 2984 1080 3011 110.
1113 2980 1226 3013 Quibus
1251 2977 1402 3015 invideas]
1440 2977 1584 3007 Invidere
1612 2985 1719 3015 posses
1746 2975 1797 3004 isti

962 3029 1109 3054 veterum
1123 3021 1321 3062 parsimoniae
1337 3022 1364 3050 Sc
1376 3020 1563 3060 frugalitati,
1576 3019 1640 3058 qua
1651 3017 1798 3050 contenti

957 3067 1111 3104 beatique
1126 3065 1284 3095 vivebant.

1003 3111 1073 3139 111.
1100 3106 1288 3148 Templorum
1305 3115 1422 3145 quoque
1442 3106 1586 3145 majestas
1602 3101 1798 3144 presentior]
