1948 3281
124 104 208 146 314

722 105 911 149 PERSII
943 103 1162 149 SATIRA
1189 105 1247 149 V.

111 194 209 233 folle,
233 195 304 224 ‹tnm
329 193 482 225 metallum
510 195 542 225 in
562 195 632 233 fhr-
647 196 759 237 Folle
782 195 931 251 premis
953 205 1124 237 ventos:
1159 210 1234 237 nec
1257 194 1395 237 clauso
1417 210 1626 239 murmure
1647 209 1792 239 raucus

120 247 195 267 noce
224 238 421 277 excoquitur:
447 248 501 268 nec
525 249 634 269 raucus

119 291 242 310 susurro
263 282 349 320 apud
363 285 393 310 te
403 281 518 311 insulse
530 283 636 322 garris

119 323 219 352 nescio
244 324 318 362 quid
338 325 458 364 grande
469 335 483 359 ‚·
506 335 560 354 nec
586 334 633 353 co-

646 253 801 294 Neseio
825 253 924 308 quid
944 263 1082 294 tecum
1103 267 1220 309 grave
1242 252 1459 295 cornicaris
1481 254 1647 310 inepte;

646 311 738 350 Nee
761 309 930 365 seloppo
952 309 1129 351 tumidas
1152 309 1330 351 intendis
1352 325 1537 365 rumpere
1558 312 1723 353 buccas.

118 366 204 395 naris
217 367 374 407 frangere
389 367 487 397 malas
507 368 635 402 inflatas
646 365 781 408 Verba
803 376 912 423 togae
935 367 1131 423 sequeris,
1156 367 1356 423 junctura
1376 368 1546 410 callidus
1567 369 1666 421 acri,

119 410 242 449 ingenti
264 420 342 439 sono.
390 410 524 439 Sec-toris
548 419 634 439 voces

114 452 216 490 pacis,
238 453 357 491 peritus
372 452 459 488 forti
484 452 615 490 composi
622 468 628 474 -

646 424 728 465 Ore
749 433 849 466 teres
871 425 1054 476 modico,
1087 424 1279 480 pallentes
1303 426 1436 466 radere
1458 440 1591 468 mores

1790 428 1836 468 15

119 496 212 533 tione,
243 496 359 533 poliens
385 496 464 534 stylo
487 496 630 532 modesto,
643 481 826 533 Doctus,
861 482 900 523 δε
925 482 1108 539 ingenuo
1130 483 1294 538 culpam
1317 483 1489 539 defigere
1510 483 1622 524 ludo.

117 540 211 568 solers
234 538 442 577 perstringere
460 537 536 566 vilia
558 539 628 585 Ραζ·
646 538 758 579 Hinc
778 540 888 580 trahe
905 554 1000 595 quae
1017 540 1127 580 dicas
1145 555 1154 580 2
1188 554 1433 596 mensasque
1453 539 1634 596 relinque
1647 539 1838 596 Mycenis

117 581 197 619 lida,
227 582 248 618 ἐς
275 591 384 610 noxam
410 581 570 618 confodere
591 579 629 609 Ζι-

117 624 302 663 beralijoco.
349 623 403 652 Ex
430 621 475 651 his
491 624 628 661 deprome

643 596 756 637 Cum
779 596 910 652 capite
933 597 973 638 δι
994 597 1192 652 pedibus3
1226 597 1461 653 plebeiaque
1484 597 1649 652 prandia
1669 598 1796 640 noris.

118 677 184 705 quae
199 667 330 696 scribas:
355 668 377 704 «3
393 665 512 695 remitte
528 666 671 705 Mycenis
696 675 815 696 mensas
836 676 901 696 cum
927 667 1028 706 capite
1053 668 1076 705 ις·
1098 666 1253 706 pedibus;
1275 668 1298 705 «ξς
1323 676 1467 708 cognosce
1490 667 1718 698 tantummodo
1730 668 1838 708 populi

117 710 266 740 convivia.

163 860 311 901 Coquitur
325 862 395 892 dum
408 872 508 892 massa
522 861 653 901 camino]
691 862 730 892 In
753 862 885 893 fornace
909 872 956 893 ar-

118 905 208 935 denti
225 907 392 936 metallum
410 917 419 945 3
451 907 492 935 sic
508 907 618 936 animo
635 907 716 936 inter
732 907 955 936 meditandum

116 948 312 978 fervescente
330 958 459 979 carmen
472 949 612 988 fingitur.

165 993 214 1021 11.
250 991 420 1021 Anhelann·
436 992 522 1029 folle
546 991 657 1031 premis
678 992 798 1031 centos]
836 993 954 1022 Aerem

117 1033 250 1064 follibus
267 1036 426 1065 inclusum
447 1036 474 1064 Sc
493 1036 680 1065 stridentem
696 1037 863 1074 exagitant
877 1035 955 1065 fabri

114 1077 154 1106 ad
181 1077 342 1108 fornacem
367 1078 626 1108 accendendam:
657 1079 827 1117 ingenium
844 1086 954 1109 autem

116 1120 318 1159 meditando,
333 1131 369 1150 ac
386 1121 549 1161 fingendo,
566 1131 676 1151 secum
692 1122 845 1151 luctando
859 1122 956 1161 saepe,

118 1163 147 1191 ἅτ
174 1164 208 1193 in
231 1173 344 1194 omnes
362 1172 467 1202 partes
487 1164 655 1202 vertendo,
679 1163 781 1194 Poeiae
807 1165 956 1194 discruci-

115 1212 192 1235 ant:
227 1207 402 1246 pulmones
431 1208 509 1237 item
536 1207 682 1246 fatigant,
707 1207 868 1237 recitando
893 1218 956 1237 car-

115 1258 194 1278 men
225 1251 395 1288 praesertim
422 1250 574 1280 inflatum
601 1253 629 1278 &
656 1251 836 1291 turgidum,
858 1252 955 1290 quale

113 1291 169 1321 hic
186 1292 308 1322 Persius
324 1293 543 1332 reprehendit,
567 1293 711 1323 imitatus
737 1295 857 1333 nempe
885 1294 955 1324 Ho-

114 1335 231 1365 ratium
247 1336 302 1366 lib.
321 1338 349 1366 1.
367 1337 432 1366 Sat.
449 1338 478 1366 4.

185 1379 231 1409 At
245 1383 279 1408 tu
293 1381 450 1409 conclusas
466 1379 734 1418 hircinisjbllibus
746 1390 838 1409 auras

192 1421 290 1460 Usque
306 1423 478 1452 laborantes
492 1423 689 1460 dumserrum
704 1423 819 1453 molliat
833 1424 930 1464 ignis,

192 1464 233 1494 Ut
249 1466 345 1495 mavis
359 1465 490 1495 imitare.

112 1508 283 1540 Juvenatis
300 1515 413 1539 autem
431 1510 490 1539 hos
503 1515 633 1541 secutus
647 1510 687 1540 de
704 1510 880 1540 Causidicis
893 1511 950 1549 ait,

116 1553 182 1582 Sat.
201 1553 234 1582 '7-

190 1595 276 1625 Tunc
291 1596 435 1625 immensa
451 1596 521 1625 cavi
536 1597 656 1635 spirant
672 1596 949 1636 rnendaciafolles.

117 1638 161 1669 Et
174 1639 340 1670 Martialis

186 1683 214 1713 A
232 1682 344 1711 nostris
354 1682 464 1720 procul
478 1685 524 1712 est
539 1682 634 1713 omnis
648 1683 746 1713 vesica
764 1684 884 1720 libellis,

184 1726 282 1755 Musa
297 1735 352 1754 nec
367 1726 474 1755 insano
489 1730 621 1765 syrmate
637 1731 741 1756 nostra
757 1731 862 1757 tumet.

160 1770 208 1798 12.
240 1768 351 1798 Nescio
375 1769 450 1807 quid
465 1769 578 1809 grace]
616 1769 755 1800 Carmen
784 1770 871 1810 quod
895 1772 951 1801 tibi

115 1813 241 1852 placeat
255 1812 325 1848 soli,
351 1822 574 1852 magnumque
590 1812 748 1842 videatur.

159 1854 347 1893 cornicaris]
385 1855 454 1885 Nec
470 1861 520 1894 tu,
543 1865 631 1885 more
655 1856 835 1895 cornicum,
861 1867 953 1887 voces

115 1899 236 1929 emittis
251 1899 267 1928 ὲ
281 1903 423 1938 gutture,
436 1908 644 1938 compressaS,
658 1899 841 1938 impeditas,
853 1907 951 1932 strau-

114 1943 250 1981 gulatas,
275 1941 380 1980 palato
408 1942 642 1981 supplantatas,
675 1943 715 1971 de
738 1944 856 1981 quibus
881 1944 952 1974 fuse

113 1987 180 2015 Sat.
202 1988 227 2014 1.
266 1985 392 2014 Locum
407 1985 497 2014 hunc
515 1986 654 2024 respexit
667 1985 708 2015 D.
726 1986 859 2015 Hieron.
877 1989 951 2018 curn

113 2029 156 2058 ait
171 2028 231 2066 Ep.
254 2030 284 2057 4.
328 2026 395 2057 Alii
419 2028 502 2056 intra
518 2038 548 2056 se
564 2028 662 2057 nescio
677 2029 750 2067 quid
764 2029 952 2061 cornicantes

114 2071 265 2101 tumentia
280 2071 371 2100 verba
390 2071 591 2108 trutinantur,
616 2072 675 2100 &m

157 2116 206 2144 13.
241 2113 309 2142 Nec
336 2112 457 2152 seloppo
484 2114 615 2143 tumidas
647 2115 782 2145 intendis
816 2125 951 2155 rumpere

112 2157 237 2196 buccas]
264 2157 403 2186 Adverte
427 2157 666 2195 gradationem:
692 2168 751 2188 nec
764 2159 884 2198 stylum
902 2160 949 2189 in-

112 2200 169 2230 flas
195 2201 235 2230 ad
262 2200 359 2229 instar
380 2199 485 2238 follis;
511 2209 571 2229 nec
597 2201 758 2230 meditaris
785 2203 813 2231 ὅ(
839 2208 950 2233 tecum

110 2245 210 2283 agitas
224 2242 358 2273 confusa
375 2244 404 2271 δε
421 2243 590 2281 impedita,
606 2253 694 2273 more
710 2245 864 2283 cornici53
889 2256 949 2276 nee

111 2287 254 2326 denique
283 2295 336 2315 ore
367 2286 508 2324 turgenti
548 2287 755 2325 pronuncias,
791 2293 827 2317 ut
858 2290 950 2327 quasi

111 2331 285 2369 scloppum
300 2329 392 2359 edere
405 2328 546 2358 videaris.
596 2330 647 2358 Sic
661 2329 769 2360 laudat
782 2330 949 2362 Cornutus

111 2373 209 2403 Persii
239 2373 470 2411 elocutionem,
494 2372 731 2411 inventionem,
756 2376 947 2413 pronuncia-

112 2417 246 2446 tionem.

155 2458 301 2501 Scioppo]
326 2460 399 2490 Vox
414 2460 487 2490 ficta
500 2459 539 2490 ad
556 2459 805 2498 exprimendum
828 2470 946 2492 sonum

112 2511 155 2531 ex
170 2503 288 2533 inflatis
303 2505 371 2533 aere
388 2504 510 2541 buccis,
534 2503 561 2532 ἀ
588 2503 620 2533 vi
644 2503 783 2542 quadam
809 2511 865 2533 aut
879 2505 947 2535 ictu

111 2545 195 2574 elisis
209 2547 235 2575 Sc
253 2548 440 2585 compressis
455 2546 591 2576 editum.
639 2546 705 2576 Hic
721 2547 844 2587 egregie
856 2547 946 2577 adhi-

110 2588 204 2618 betur
227 2589 265 2618 ad
295 2589 535 2628 significandam
562 2590 867 2627 pronunciationem
892 2597 944 2620 tu-

109 2631 230 2661 midam
248 2633 275 2661 &
288 2632 479 2663 affectatam.
518 2631 612 2672 Legit
625 2632 835 2663 Casaubonus
850 2632 947 2672 stlop-

102 2684 158 2711 po,
194 2684 236 2703 ex
263 2675 397 2714 antiquo
422 2675 553 2713 Codice,
579 2676 606 2704 δι
638 2674 724 2705 favet
754 2676 946 2713 Priscianus,

108 2718 162 2747 lib.
187 2720 211 2747 1.
236 2721 349 2756 cap.4.

154 2763 203 2791 14.
231 2759 327 2789 Verba
344 2763 421 2799 toga·
433 2761 580 2801 sequeris]
614 2761 689 2792 Non
705 2761 788 2792 bella
803 2763 945 2793 carmine

108 2803 271 2842 describis,
295 2803 350 2832 sed
365 2813 435 2840 quae
465 2806 549 2842 pacis
564 2812 710 2844 tempore
724 2806 757 2835 in
776 2815 836 2835 usu
853 2812 942 2836 sunt.

105 2848 158 2876 Sic
176 2847 254 2877 libet
272 2847 342 2876 haec
369 2846 559 2885 intelligere,
583 2848 684 2887 magis
707 2849 807 2886 quam
829 2849 869 2878 de
896 2849 941 2879 fo-

103 2891 250 2920 rensibus
277 2891 305 2920 &
332 2889 485 2926 oratoriis,
508 2896 566 2920 aut
579 2892 676 2920 etiam
693 2891 733 2920 de
749 2892 851 2921 Satira
865 2902 939 2932 quae

101 2935 229 2972 propria
243 2933 464 2963 Romanorum
478 2932 528 2969 sit,
552 2933 760 2971 interpretari.

148 2976 252 3016 Togae]
276 2976 379 3006 Vetus
391 2975 500 3005 Schol.
517 2975 570 3004 hic
587 2975 630 3004 ita
646 2976 791 3014 loquitur
807 2989 813 3006 z
843 2978 939 3018 Toga,

93 3028 205 3056 purum
227 3020 371 3058 pallium,
393 3017 504 3055 form&
532 3017 675 3055 rotundzi,
696 3019 819 3055 „fusiore
847 3025 940 3060 atque

99 3061 268 3091 inundante
297 3063 388 3098 siuu5
428 3061 465 3090 de
493 3060 658 3090 subdextro
687 3062 823 3100 veniens,
850 3073 939 3102 super

98 3103 249 3135 humerum
265 3105 418 3136 sinistrum
432 3104 557 3144 ponitur
569 3115 579 3133 .·
602 3103 691 3143 qu'us
705 3104 938 3136 similitudinem

997 864 1028 894 in
1046 864 1239 903 operimentis
1250 865 1487 902 simulacrorum,
1498 866 1547 895 vel
1556 864 1745 904 picturarum
1756 865 1837 903 aspi-

997 908 1113 937 cimus:
1137 918 1247 947 easque
1270 913 1387 938 statuas
1410 912 1533 949 togatas
1555 918 1704 938 vocamus.
1752 907 1838 948 Toga

999 949 1133 980 Romani
1147 951 1179 980 in
1196 961 1286 990 pace,
1308 952 1338 981 in
1364 951 1443 981 bello
1463 950 1693 990 paludamentis
1711 950 1837 981 uteban-

1000 998 1060 1022 tur.
1105 994 1256 1024 illensura
1273 999 1351 1035 togae
1366 995 1462 1033 justoe
1485 1004 1572 1024 senas
1594 996 1684 1024 ulnas
1697 993 1837 1025 habebat.

1004 1036 1089 1077 Toga
1138 1048 1191 1077 per
1240 1038 1476 1077 metonymiam
1516 1037 1671 1077 significat
1708 1046 1835 1076 pacem.

1001 1080 1089 1110 Hinc
1115 1081 1195 1110 illud
1210 1080 1333 1110 Tullii:
1360 1078 1479 1110 Cedant
1504 1090 1591 1110 arma
1616 1084 1702 1121 togoe.
1747 1079 1837 1119 Lege

1001 1123 1146 1154 Macrob.
1172 1125 1330 1154 Saturnal.
1363 1124 1418 1154 lib.
1446 1126 1475 1154 1.
1499 1133 1570 1163 cap.
1599 1124 1628 1153 6.
1662 1123 1766 1153 Alex.
1795 1123 1835 1154 ab

999 1166 1101 1196 Alex.
1115 1167 1172 1196 lib.
1186 1169 1216 1196 5.
1232 1177 1302 1206 cap.
1320 1167 1370 1196 18.

1042 1210 1197 1239 Junctura
1225 1211 1352 1239 callidus
1375 1209 1455 1248 acri]
1478 1208 1621 1242 Quidam
1646 1208 1700 1239 hic
1727 1209 1836 1239 Satiri-

1000 1262 1076 1282 cum
1103 1254 1199 1283 salem
1226 1253 1542 1292 comminiscuntur5
1578 1259 1611 1283 at
1638 1253 1755 1282 melius
1781 1252 1835 1282 alii

997 1297 1110 1326 scitam
1127 1306 1163 1326 ae
1188 1297 1350 1327 robustam
1366 1297 1535 1326 verborum
1549 1296 1834 1335 compositionem,

999 1349 1065 1369 non
1094 1340 1226 1370 mollem
1250 1346 1308 1369 aut
1324 1339 1566 1379 rhythmicam3
1590 1339 1692 1378 qualis
1712 1337 1835 1369 Neroni

996 1382 1152 1412 affectata.
1199 1383 1288 1412 Tull.
1301 1384 1331 1412 3.
1355 1383 1395 1412 de
1411 1382 1557 1420 Oratore,
1581 1383 1639 1413 Sed
1653 1382 1680 1411 si
1695 1381 1833 1412 habitum

995 1426 1089 1455 etiam
1105 1425 1252 1455 orationis
1274 1427 1296 1463 ἐξ
1323 1425 1411 1464 quasi
1436 1424 1565 1454 colorem
1585 1425 1713 1463 aliquem
1730 1424 1832 1464 requi-

995 1469 1038 1499 n's
1050 1480 1063 1504 ,·
1086 1473 1129 1498 est
1140 1471 1234 1508 plena
1250 1470 1399 1507 quedam,
1422 1470 1445 1506 ἐς
1462 1472 1562 1498 tamen
1577 1472 1654 1498 teres
1668 1478 1706 1498 ac
1722 1468 1832 1507 tenuis,

994 1516 1027 1541 at
1043 1522 1103 1541 non
1117 1513 1182 1542 sine
1205 1512 1302 1541 nervis
1316 1522 1352 1541 ac
1367 1511 1489 1541 viribus.

1043 1557 1092 1587 15.
1119 1554 1178 1585 Ore
1194 1559 1271 1584 teres
1286 1554 1414 1594 modico]
1439 1555 1553 1586 Horat,
1566 1555 1600 1584 in
1612 1554 1702 1585 Arte.

1452 1597 1550 1628 Dedit
1565 1608 1614 1628 ore
1628 1597 1760 1628 rotundo

1068 1641 1165 1672 illusa
1177 1642 1270 1681 loqui.

995 1683 1063 1715 Alii
1088 1687 1213 1726 legunt,
1235 1686 1321 1724 teris,
1357 1686 1387 1715 id
1416 1689 1475 1723 est,
1508 1685 1645 1723 expolis,
1668 1684 1832 1725 superflua

996 1738 1126 1766 resecas,
1151 1735 1188 1759 ut
1203 1729 1320 1759 ferrum
1340 1729 1415 1758 lima
1429 1729 1501 1758 terit
1518 1729 1546 1757 <Sc
1561 1728 1699 1767 laevigat.

1037 1772 1195 1802 Pallentes
1206 1773 1312 1802 rodere
1325 1781 1419 1801 mores
1433 1769 1556 1812 doctus]
1581 1771 1636 1800 Tu
1652 1780 1717 1801 non
1731 1771 1831 1803 modo

997 1815 1094 1851 recte,
1117 1816 1169 1845 sed
1189 1816 1217 1845 δε
1243 1821 1328 1845 recta
1352 1815 1460 1844 scribis
1477 1816 1506 1845 &
1523 1816 1620 1844 bona.
1665 1814 1830 1845 Nimirum

997 1858 1113 1896 placita
1140 1868 1266 1888 morum
1293 1863 1408 1888 tractas
1429 1858 1637 1896 sanctissima,
1669 1859 1697 1887 &c
1721 1857 1829 1888 multo

993 1902 1058 1931 sale
1075 1901 1248 1932 hominum
1267 1902 1341 1931 vitia
1355 1901 1503 1930 defricare
1525 1901 1646 1940 satagis.

1038 1944 1194 1975 Pallentes
1219 1944 1328 1982 mores]
1352 1944 1532 1983 Nunquam
1550 1953 1616 1973 non
1637 1943 1755 1973 timent
1768 1944 1827 1983 qui

994 1988 1052 2016 sibi
1077 1989 1194 2017 conscii
1220 1994 1296 2017 sunt
1323 1987 1458 2024 alicujus
1486 1986 1605 2026 flagitii.
1652 1985 1696 2016 Et
1724 1987 1827 2017 Satira

994 2040 1066 2068 quae
1092 2031 1216 2061 nemini
1240 2031 1340 2070 parcit
1363 2029 1520 2069 improbo,
1556 2029 1648 2060 malis
1671 2029 1827 2069 pallorem

993 2073 1127 2103 inducit.

994 2115 1107 2146 Horat.
1122 2117 1223 2156 Epist.
1245 2118 1272 2148 1.
1289 2117 1341 2147 lib.
1364 2118 1390 2146 1.

1335 2161 1398 2190 Hic
1409 2171 1510 2191 murus
1522 2160 1653 2190 aheneus
1667 2163 1730 2190 esto
1739 2169 1756 2196 ,⁸

1067 2203 1127 2234 Nil
1139 2204 1272 2234 conscire
1285 2203 1355 2243 sibi,
1378 2204 1466 2234 nulla
1479 2203 1650 2244 pallescere
1666 2202 1771 2241 culpa.

1039 2248 1088 2277 16.
1124 2248 1262 2288 Ingenuo
1284 2249 1402 2286 culpam
1429 2247 1557 2288 defigere
1583 2245 1671 2284 ludo]
1710 2246 1753 2276 Ut
1782 2246 1829 2277 ait

994 2288 1160 2328 Horatius,
1185 2290 1316 2321 ridendo
1336 2301 1448 2321 verum
1462 2291 1551 2329 dicis,
1574 2289 1745 2328 flagitiosos
1760 2299 1825 2319 cas·

993 2333 1084 2372 tigas,
1108 2334 1226 2374 flagitia
1241 2334 1413 2373 proscribis.

1035 2375 1194 2417 Defigere]
1218 2377 1385 2416 Proprium
1404 2377 1528 2406 Criticis
1543 2374 1751 2412 vocabulum,
1767 2374 1825 2413 qui

992 2418 1098 2448 obelos
1122 2421 1150 2449 δε
1173 2421 1326 2450 verucula
1338 2420 1442 2450 solent
1456 2420 1630 2459 appingere
1645 2417 1684 2446 ad
1699 2426 1738 2446 ea
1750 2426 1822 2456 quae

991 2468 1107 2493 notant
1122 2473 1158 2492 ac
1175 2463 1368 2502 improbant.

1037 2507 1087 2536 17.
1111 2506 1195 2535 Hinc
1210 2505 1297 2535 trahe
1310 2515 1375 2544 quoe
1390 2505 1488 2544 dicas]
1511 2505 1595 2545 Age,
1608 2502 1703 2540 Persi,
1728 2512 1825 2543 perge

990 2548 1023 2578 in
1036 2550 1195 2587 instituto,
1207 2549 1224 2578 ὲ
1234 2549 1348 2588 populi
1357 2549 1439 2578 vitiis
1452 2553 1638 2588 argumenta
1649 2545 1822 2577 Satirarum

990 2592 1132 2623 desume.
1196 2592 1293 2625 Quod
1320 2591 1377 2622 erit
1402 2592 1487 2621 certe
1512 2591 1635 2627 utilius,
1672 2588 1771 2628 quam
1796 2590 1825 2619 si

989 2635 1134 2676 ingentia
1157 2636 1185 2665 &
1211 2635 1334 2666 tumida
1350 2634 1497 2664 scriberes
1511 2634 1562 2664 vel
1585 2634 1618 2663 in
1632 2631 1823 2672 Tragoediis,

991 2680 1040 2708 vel
1058 2680 1089 2709 in
1107 2678 1225 2717 Epicis.

1030 2722 1218 2760 illensasque
1232 2720 1366 2759 relinque
1381 2719 1537 2759 Mycenis]
1550 2719 1669 2751 Graecis
1681 2721 1822 2760 Tragicis

987 2765 1116 2803 grandia
1141 2774 1199 2794 sua
1223 2764 1372 2802 permitte
1386 2768 1587 2802 argumenta,
1611 2764 1714 2802 qualis
1728 2774 1822 2794 coena

986 2807 1137 2848 Thyestae
1151 2809 1180 2837 δι
1197 2807 1304 2845 Terei,
1327 2806 1366 2836 de
1389 2806 1505 2845 quibus
1531 2806 1636 2845 supra.
1683 2807 1822 2846 Mycena.»

987 2852 1060 2881 urbs
1083 2850 1286 2889 Peloponesi,
1309 2850 1343 2879 in
1368 2858 1433 2888 qua
1459 2854 1545 2887 gesta
1569 2848 1684 2880 dicitur
1712 2849 1824 2880 fabula.

985 2894 1075 2923 Atrei
1091 2896 1119 2923 δε
1135 2893 1297 2932 Thyestae.

1033 2938 1081 2966 18.
1100 2936 1176 2965 Cum
1191 2936 1292 2973 capite
1307 2936 1330 2972 «ξς
1340 2934 1483 2974 pedibus]
1509 2934 1688 2966 Reservamt
1701 2936 1820 2966 Atreus

985 2986 1097 3018 caput,
1121 2979 1232 3019 pedes,
1259 2979 1287 3007 &
1304 2987 1420 3006 manus
1446 2987 1635 3016 puerorum,
1657 2988 1728 3017 quae
1745 2982 1820 3017 post

985 3032 1111 3052 coenam
1128 3023 1277 3060 Thyestae
1294 3019 1382 3049 fratri
1395 3021 1560 3060 exhibuit,
1583 3027 1621 3051 ut
1632 3022 1724 3053 sciret
1739 3029 1818 3061 quas

984 3066 1013 3094 <Sc
1030 3074 1167 3104 quorum
1184 3061 1363 3093 devorAsset
1377 3072 1496 3093 carnes.

983 3107 1097 3139 Senec.
1109 3107 1242 3146 Thyest.
