1934 3285
620 91 960 136 JUVENALIS
991 92 1208 135 SATIRA
1240 93 1276 134 Ι.
1775 96 1801 135 3

98 185 322 230 Dormiret.

383 185 516 229 Stulta
537 193 597 226 est
614 184 843 234 clementia,
866 185 965 225 cum
987 192 1047 224 tot
1069 182 1219 239 ubique

98 245 273 288 Vatibus
295 258 499 295 occurras,
523 241 708 297 periturae
732 255 888 296 parcere
910 242 1076 283 chartae.

157 302 245 343 Cur
266 311 400 343 tamen
425 302 504 342 hoc
527 300 647 341 libeat
669 299 805 354 potius
828 299 1032 339 decurrere
1054 312 1217 352 campo,

99 358 174 400 Per
194 374 316 414 quem
340 372 514 414 magnus
536 370 662 413 equos
686 358 896 398 Auruncae
919 355 1030 397 flexit
1052 356 1243 396 alumnus
1263 370 1272 394 t

97 415 142 456 Si
165 426 293 468 vacat,
318 417 355 457 ὃς
379 415 524 471 placidi
548 414 742 455 rationem
766 413 994 463 admittitis,
1016 412 1149 454 edam.

1292 183 1395 220 Fatua
1417 185 1463 213 est
1488 180 1693 215 misericordia
1709 183 1802 214 absti-

1292 236 1362 257 nere
1391 235 1523 270 papyro,
1573 236 1637 264 quoe
1678 227 1804 266 peribit,

1291 269 1533 309 quandoquidem
1568 269 1706 299 invenias
1742 274 1805 300 tam

1292 312 1403 342 multos
1428 310 1547 342 Po'e'tas.
1603 313 1751 343 Attamen
1777 315 1805 342 si

1291 355 1382 384 otiosi
1394 354 1481 391 estis,
1497 356 1519 392 ᾀ
1533 354 1663 395 benigne*
1676 354 1804 393 auditis,

1222 412 1270 451 2¹
1292 405 1401 427 causas
1416 396 1588 434 declarabo,
1615 406 1708 435 quare
1723 398 1804 427 mihi

1287 437 1414 478 placeat
1429 440 1600 478 exspatiari
1610 440 1669 469 isto
1678 448 1803 479 praesen

99 471 209 513 Cum
235 483 345 514 tener
367 487 533 514 uxorem
557 471 678 513 ducat
698 471 851 526 spado:
883 471 933 512 M
939 469 1039 511 aevia
1058 471 1274 511 Thuscum
1293 483 1346 512 tim
1362 491 1478 521 campo..
1491 491 1550 521 per
1564 491 1650 521 quem
1673 492 1804 520 summus

98 529 215 584 Figat
236 545 395 585 aprum,
422 530 461 571 &
482 530 594 570 nuda
613 538 745 570 teneat
767 527 962 570 venabula
983 529 1190 569 mamma:

97 587 292 628 Patricios
314 603 458 628 ornnes
479 586 624 642 opibus
647 586 744 627 cum
767 595 958 641 provocet
980 600 1103 636 unus,

96 643 195 685 Ouo
218 645 411 686 tondente
434 645 562 700 gravis
577 642 740 698 juvenis
757 642 858 684 mihi
883 642 1003 683 barba
1025 642 1220 683 sonabat:

141 702 213 742 um
236 717 324 757 pars
346 702 520 744 Niliacae
543 700 686 756 plebis,
710 701 807 741 cum
833 714 951 740 verna
974 698 1134 754 Canopi

1291 526 1442 558 Aurunca>
1457 524 1610 561 alumnus,
1633 535 1724 564 equos
1737 534 1804 562 mo-

1291 569 1415 601 deratus
1438 572 1493 602 est.
1543 565 1673 600 Quando
1694 567 1802 600 Eunu-

1291 610 1364 642 chus
1379 611 1480 646 mollis
1493 611 1721 642 matrimonium
1733 621 1803 641 con-

1293 652 1389 684 trahit
1402 666 1412 683 .-
1437 653 1566 694 quando
1592 654 1708 684 Maevia
1733 664 1802 683 cona

1223 696 1374 740 26fodit
1387 708 1493 737 aprum
1505 696 1684 735 Etruscum,
1700 699 1722 736 ξς
1739 697 1804 727 tela

1290 741 1373 780 gerit
1384 739 1510 780 papilla
1523 740 1644 773 detecta
1655 751 1669 776 ,-
1685 740 1806 779 quando

95 785 150 816 ille
165 796 221 825 quo
239 791 356 817 tonsore
371 784 443 816 mihi
457 785 644 816 adolescenti
658 783 783 815 molesta
800 783 893 813 barba
907 783 1091 822 crepitabat,
1115 783 1198 814 solus
1212 783 1330 814 divitiis
1343 788 1442 813 certat
1456 793 1522 814 cum
1535 783 1684 813 universis
1696 781 1806 812 nobili-

95 828 149 858 bus
163 840 172 857 .·
198 830 318 868 quando
330 840 405 869 pars
418 829 531 868 Populi
549 829 592 858 ad
605 827 725 866 Nilum,
741 827 863 867 quando
876 826 1033 866 Crispinus
1046 836 1149 857 servus
1164 826 1283 865 Canopi

96 952 202 978 turam
217 948 400 987 deponeret.
446 946 642 981 Quintilian,
663 945 734 975 Lib.
752 946 781 975 3.
798 956 870 984 cap.
890 947 922 976 8.

95 990 214 1029 Solent,
228 991 343 1029 inquit,
357 991 387 1020 in
400 989 596 1030 scholisfingi
610 989 746 1019 materia*
758 989 800 1018 orl
811 988 923 1019 delibe-

96 1034 248 1063 randum.-
273 1033 302 1063 δε
330 1035 427 1072 paulo
452 1032 538 1069 ante,
566 1034 599 1062 in
625 1032 816 1069 exemplum
834 1032 924 1063 affert

98 1075 213 1106 Priami
227 1077 322 1108 verba
337 1076 423 1115 apud
442 1076 626 1105 Achillem:
651 1081 706 1104 aut
728 1074 822 1114 Sylla>
846 1075 924 1106 Dic-

99 1123 240 1151 taturam
255 1118 445 1158 deponentis
459 1120 491 1148 in
507 1118 665 1149 concione

140 1155 265 1203 Sylla]
287 1161 324 1191 L.
342 1162 502 1192 Cornelius
517 1160 603 1200 Sylla
629 1161 744 1191 nobilis
762 1160 926 1192 Romanus

99 1214 142 1234 ex
157 1206 291 1243 antiqua
309 1206 499 1244 Scipionum
515 1204 645 1241 familia,
662 1204 701 1233 de
719 1213 784 1242 quo
800 1205 925 1235 dubita-

97 1252 162 1285 tur,
178 1248 329 1277 fortiorne
346 1248 452 1285 fuerit,
483 1257 524 1276 an
541 1247 670 1284 felicior,
688 1248 793 1285 inquit
811 1247 926 1278 Sallus-

101 1290 184 1320 tius:
212 1290 241 1320 Is
264 1291 342 1320 dum
366 1290 533 1330 quaerebat
559 1291 717 1327 victorias,
744 1290 926 1328 Scipionem

95 1342 129 1361 se
159 1333 284 1372 Populo
317 1333 477 1369 Romano,
507 1332 587 1363 dum
610 1332 763 1363 saevitiam
787 1341 928 1372 exercet,

97 1376 293 1406 Annibalem
311 1377 556 1414 repraesentavit,
569 1382 607 1406 ut
617 1376 661 1405 ait
673 1375 823 1405 Valerius
836 1375 929 1406 Max-

104 1419 205 1455 imus,
238 1419 310 1450 Lib.
339 1420 369 1450 9.
391 1429 460 1458 cap.
485 1420 516 1448 53.
574 1419 774 1448 Dictaturam
797 1419 934 1457 adeptus

104 1462 224 1492 mirum
241 1463 339 1501 quam
351 1463 547 1502 impotenter
563 1462 703 1502 gesserit,
717 1463 745 1491 ὅ(
762 1462 848 1501 quod
861 1472 932 1493 eam

96 1509 229 1544 sponte,
254 1512 292 1535 ut
318 1505 412 1535 refert
436 1506 618 1545 Appianus,
633 1505 823 1544 deposuerit.
871 1506 933 1536 Pri-

99 1552 194 1578 vatus
208 1548 359 1579 Puteolos
371 1550 540 1587 concessit,
549 1549 658 1588 ibique
667 1548 839 1586 pediculari
851 1558 934 1579 mor-

95 1589 140 1620 bo
166 1591 281 1621 misere
305 1592 410 1631 periit.
461 1592 539 1630 Vel,
563 1596 601 1622 ut
625 1591 678 1621 alii
691 1592 817 1629 volunt,
843 1593 934 1622 larvis

101 1635 268 1665 nocturnis
294 1636 431 1675 agitatus
445 1642 660 1674 vexatusque,
687 1634 769 1664 inter
782 1635 935 1665 vocifera-

98 1675 205 1706 tiones
218 1678 365 1708 animam
391 1679 548 1709 evomuit.
595 1678 708 1709 cicero
732 1679 767 1708 in
787 1678 934 1709 Verrem.

97 1716 259 1749 Plutarch.
277 1721 304 1749 ὅ(
318 1722 382 1750 alii.

138 1760 290 1792 Privatus
302 1767 336 1794 ut
347 1763 446 1793 altum
461 1761 634 1803 dormiret]
657 1763 702 1796 Ut
713 1764 859 1802 deposito
871 1765 934 1795 Im-

97 1805 181 1843 perii
208 1814 318 1843 onere,
343 1808 376 1836 &z
404 1807 484 1836 liber
513 1807 532 1835 a
555 1806 637 1836 curis
659 1807 809 1845 publicis,
832 1809 934 1839 animi

98 1848 331 1886 tranquillitate
345 1849 513 1879 frueretur.

145 1890 197 1921 19.
219 1891 289 1921 Hoc
311 1892 470 1921 decurrere
499 1889 635 1932 campa]
679 1891 853 1931 Allegoria.
899 1892 933 1922 Id

99 1938 158 1971 est,
171 1943 229 1967 cur
245 1935 282 1964 ea
297 1934 497 1973 potissimum
513 1934 671 1973 gaudeam
689 1935 931 1973 exercitatione,

97 1975 254 2006 scribendi
280 1978 407 2014 Satiras,
423 1978 455 2007 in
473 1987 536 2016 qua
554 1977 700 2007 Lucilius
716 1984 855 2007 versatus
870 1985 929 2009 est.

139 2020 192 2049 20.
220 2018 402 2061 Auruncoe]
436 2021 584 2050 Aurunca
615 2020 688 2050 urbs
710 2025 802 2049 vetus
832 2020 930 2059 Latii,

98 2060 130 2090 in
148 2071 214 2100 qua
227 2063 294 2092 nati
310 2063 415 2102 plures
430 2063 663 2101 Satirographi,
684 2063 818 2101 ipseque
835 2063 930 2094 Luci-

97 2103 171 2141 lius,
187 2104 228 2133 de
240 2115 307 2144 quo
323 2115 379 2135 nos
393 2106 496 2135 multa
510 2107 570 2135 sub
583 2106 679 2135 finem
696 2106 764 2134 Sat.
780 2108 806 2135 1.
820 2106 927 2136 Persii.

141 2146 284 2187 Magnus
298 2148 448 2178 Auruncoe
464 2146 632 2189 alumnus]
648 2147 792 2178 Lucilius
810 2150 928 2187 Satyri-

99 2199 212 2219 corum
231 2190 399 2229 Princeps3
415 2191 570 2230 quidquid
584 2191 698 2221 sentiat
711 2196 803 2220 vetus
818 2192 923 2223 Schol.

99 2232 156 2269 qui
180 2233 224 2262 sic
251 2233 367 2263 habet:
395 2234 530 2263 Turnum
553 2234 630 2263 dicit
657 2233 765 2262 Scoevce
779 2234 929 2265 Memoris

101 2273 230 2315 Tragici
254 2275 354 2306 Po'e'eae
371 2275 519 2313 fratrem.
571 2276 689 2307 Tamus
717 2276 769 2306 hic
791 2277 927 2308 libertini

101 2319 238 2356 generis,
265 2319 304 2348 ad
332 2320 469 2349 honores
484 2319 658 2349 ambitione
677 2325 841 2357 provectus
868 2328 927 2358 est,

99 2364 214 2397 potens
230 2361 262 2390 in
281 2362 367 2391 Aula
382 2362 652 2401 Vespasianorum
670 2361 736 2392 Titi
759 2363 788 2391 ἃς
812 2363 924 2393 Domi>

99 2402 199 2432 tiani:
225 2405 276 2433 vel
305 2404 444 2434 Lenium
471 2404 557 2441 dicit,
581 2406 637 2444 qui
665 2404 694 2433 δι
721 2406 788 2443 ipse
814 2406 926 2436 Satiras

99 2445 222 2484 scripsit
237 2457 244 2475 :
268 2447 316 2476 vel
336 2448 449 2477 Silium
469 2449 497 2477 ὅτ
514 2449 619 2487 ipsum
637 2449 685 2477 sui
702 2449 854 2486 temporis
871 2449 926 2479 Sa-

98 2488 248 2526 micum,
265 2490 321 2528 qui
335 2499 448 2520 omnes
464 2500 507 2521 ex
521 2491 669 2521 Aurunca
681 2490 823 2521 fuerunt.

140 2531 193 2560 22.
217 2532 295 2561 Cum
307 2536 392 2562 tener
403 2542 538 2572 uxorem,
549 2531 617 2574 gc]
648 2533 730 2564 cum
751 2532 841 2563 video
856 2534 926 2573 pul-

98 2572 199 2603 lulare
215 2575 300 2611 vitia,
315 2585 382 2605 non
399 2585 526 2614 potsurn
545 2577 578 2605 in
595 2586 633 2606 ea
648 2585 713 2606 non
730 2576 852 2606 invehi.

146 2616 275 2646 Uxorem
285 2618 378 2647 ducat
389 2616 513 2659 spada]
531 2618 736 2649 Domitianus
749 2619 854 2658 legem
865 2620 887 2652 J
891 2631 925 2652 u-

98 2657 176 2688 liam
190 2661 347 2690 revocavit
358 2661 391 2690 in
403 2662 621 2699 adulteros,ad
635 2661 843 2692 coe'rcendam
854 2672 926 2693 mu·

99 2698 215 2731 lierum
232 2702 406 2732 libidinem.
454 2704 526 2742 Has,
553 2714 596 2733 ne
620 2704 712 2743 Legis
728 2713 858 2743 poenam
874 2706 926 2735 in-

100 2749 274 2781 currerent,
296 2746 465 2775 nubebant
492 2747 626 2776 moechis
649 2748 726 2784 suis,
749 2747 830 2777 inter
845 2756 926 2786 quos

101 2791 190 2815 erant
214 2787 246 2816 ἃ
268 2788 430 2825 spadones.
477 2789 612 2819 Sueton.
639 2788 819 2819 Domitian.
842 2799 871 2819 c.
895 2792 926 2821 7.

101 2829 131 2855 ὃς
146 2827 176 2857 8.
198 2827 335 2859 Martial.
358 2830 426 2861 Lib.
444 2832 474 2860 6.
505 2832 666 2871 Epigram.
689 2834 722 2861 2.

185 2871 287 2902 Lusus
300 2877 368 2902 erat
380 2883 474 2904 sacrae
486 2875 635 2904 connubia
641 2873 764 2912 fallere
779 2874 875 2914 taedae,

138 2994 140 2996 Ι
179 2954 254 2985 ..Nec
267 2958 362 3003 spado
370 2958 440 2997 jam
454 2969 510 2990 nec
522 2959 655 2990 moechus
665 2960 722 2990 erit
727 2981 736 2998 ,
748 2964 778 2989 te
784 2960 927 3001 preside,

229 3008 399 3038 quisquam.

186 3040 231 3070 At
241 3041 340 3080 prius,
357 3042 373 3072 ὁ
384 3054 490 3082 mores,
507 3044 529 3083 ’ἐξ
543 3046 639 3084 spado
651 3045 782 3077 moechus
796 3050 876 3078 erat·

101 3081 144 3113 Et
157 3082 322 3123 Epigram.
338 3087 371 3116 7.
386 3087 530 3125 ejusdem
544 3089 640 3119 Libri.

1051 944 1140 976 Julia
1154 943 1336 985 lexpopulz's
1345 954 1383 975 ea·
1394 955 1453 984 quo
1464 943 1610 976 Faustini³
1620 950 1731 982 renata
1745 951 1803 985 est,

1170 988 1193 1012 ae
1258 988 1280 1012 at<
1338 987 1360 1010 a<
1425 988 1447 1010 a<
1515 989 1537 1011 >tc
1602 989 1624 1011 >a

1043 1029 1117 1064 Quoe
1125 1031 1212 1061 nubit
1221 1032 1386 1070 toties‚non
1394 1031 1482 1061 nabit
1491 1043 1501 1059 .·
1513 1030 1656 1062 adultera
1667 1032 1736 1074 lege
1743 1038 1800 1064 esc.

968 1072 1011 1104 Et
1026 1073 1191 1113 Epigram.
1207 1076 1261 1105 22.

1057 1116 1147 1150 Quod
1159 1118 1248 1148 nubis
1263 1116 1434 1148 Proculina
1447 1117 1614 1148 concubino

1055 1159 1106 1189 Ne
1121 1160 1172 1190 lex
1187 1160 1277 1191 Julia
1293 1164 1324 1190 te
1337 1164 1445 1190 notare
1456 1161 1569 1199 possit,

1055 1202 1127 1232 Non
1141 1203 1230 1234 nubis
1244 1203 1424 1241 Proculam,
1440 1204 1494 1233 sed
1498 1203 1632 1242 faleris,

1057 1245 1101 1274 Et
1114 1245 1259 1276 nzoeclzunz
1276 1246 1363 1276 modo
1376 1246 1550 1283 nuncfacis
1561 1248 1717 1280 maritum.

972 1287 1026 1318 De
1055 1289 1105 1317 his
1131 1290 1222 1327 plura
1244 1290 1396 1320 Juvenal.
1426 1290 1491 1320 Sat.
1520 1291 1550 1319 6.
1596 1291 1634 1320 In
1653 1292 1701 1321 his
1727 1302 1802 1333 ergo

976 1330 1048 1361 Lex
1062 1331 1214 1369 eluditur,
1230 1335 1257 1361 &
1273 1333 1290 1362 a
1307 1333 1447 1372 Satyrico
1462 1332 1631 1363 deridetur.

1017 1372 1151 1415 Spado]
1183 1375 1261 1405 Vox
1276 1375 1386 1406 Graeca
1400 1378 1417 1406 a
1432 1376 1542 1406 Verbo
1557 1376 1667 1415 σωάω,
1689 1377 1804 1415 avello,

977 1418 1063 1455 quod
1077 1418 1093 1446 a
1106 1418 1291 1456 spadonibus
1302 1419 1449 1449 avulsum
1460 1420 1499 1448 sit
1511 1419 1541 1448 id
1557 1429 1623 1459 quo
1635 1426 1724 1450 erant
1733 1422 1804 1452 viri.

1024 1459 1146 1502 Tener]
1163 1462 1246 1492 Quia
1255 1461 1444 1492 effoeminati
1454 1463 1559 1492 solent
1567 1472 1633 1492 esse
1643 1464 1804 1502 spadones.

1018 1502 1166 1545 Maecia]
1194 1504 1350 1539 Quidam,
1375 1505 1509 1535 Noevia:
1539 1513 1674 1545 utraque
1697 1508 1806 1547 impu-

977 1544 1046 1576 dica
1062 1548 1186 1577 mulier.
1224 1548 1364 1577 Martial.
1382 1548 1451 1578 Lib.
1470 1551 1497 1578 1.
1514 1547 1681 1589 Eptgram.
1698 1549 1752 1580 69.

1024 1588 1169 1620 nuscum
1185 1587 1320 1631 aprum]
1344 1591 1380 1621 In
1395 1590 1539 1624 Thuscia
1550 1592 1714 1622 ferociores
1724 1594 1805 1632 apri.

1019 1634 1073 1663 23.
1098 1633 1194 1675 Figat
1209 1631 1347 1674 aprum]
1370 1634 1409 1663 ln
1424 1645 1517 1665 arena
1536 1636 1688 1666 Romana.
1712 1636 1804 1666 Scili-

977 1682 1028 1705 cet
1056 1678 1138 1707 inter
1161 1678 1239 1707 alios
1264 1677 1356 1707 ludos
1382 1678 1533 1709 exhibitae
1557 1679 1753 1717 venationes,
1769 1681 1802 1709 in

978 1719 1097 1758 quibus
1110 1722 1206 1750 etiam
1221 1721 1369 1750 mulieres
1383 1730 1523 1760 pugnare
1539 1731 1621 1751 ausae
1637 1727 1745 1751 contra
1758 1723 1802 1752 fe-

979 1772 1038 1799 ras,
1064 1765 1094 1793 <Sc
1110 1764 1256 1802 quaedam
1284 1763 1391 1793 leones
1407 1764 1518 1794 vicere.
1564 1764 1705 1794 Martial.
1729 1764 1802 1795 Lib.

977 1806 1157 1843 Spectacul.
1189 1807 1385 1846 Epigramm.
1404 1806 1434 1837 6.
1461 1807 1592 1838 Cornel.
1615 1806 1719 1837 Tacit.
1732 1809 1801 1838 An-

978 1849 1041 1876 nal.
1066 1849 1137 1877 Lib.
1159 1851 1212 1878 15.
1235 1850 1370 1878 Sueton.
1384 1850 1417 1878 in
1434 1850 1568 1880 Nerone.

1019 1889 1064 1918 Et
1080 1891 1162 1920 nuda
1177 1889 1308 1931 teneat]
1345 1891 1441 1924 Quod
1458 1898 1505 1923 est
1519 1896 1629 1923 contra
1644 1892 1801 1931 pudorem

977 1933 1005 1962 <Sa
1021 1933 1182 1964 decorum.

1015 1976 1066 2005 2²4.
1091 1975 1274 2017 Patricios]
1312 1976 1377 2006 Titi
1400 1976 1485 2006 Livii
1511 1977 1580 2007 Lib.
1617 1978 1645 2007 1.
1671 1988 1740 2016 cap.
1770 1978 1800 2008 8.

974 2017 1080 2048 Patres
1103 2020 1142 2048 ab
1166 2019 1300 2057 honore,
1330 2017 1468 2048 Patricii
1493 2021 1662 2059 progenies
1687 2030 1799 2052 eorum

973 2062 1136 2099 appellati.

1015 2104 1164 2134 Provoce!
1188 2103 1296 2146 unus]
1332 2104 1509 2135 Cinnamus
1537 2105 1655 2144 nempe
1680 2112 1801 2144 tonsor,

973 2147 1208 2185 quiJuvenalis
1231 2154 1377 2186 tempore
1393 2148 1532 2186 vivebat,
1549 2149 1577 2178 δε
1603 2149 1799 2179 muliercula:

971 2189 1057 2220 donis
1073 2200 1109 2220 ac
1126 2192 1313 2221 muneribus
1328 2191 1447 2221 ditatus
1467 2201 1601 2223 censum
1617 2198 1798 2231 equestrem

972 2240 1084 2263 nactus
1099 2240 1157 2264 est.
1190 2234 1343 2263 Martialis
1373 2234 1445 2263 Lib.
1463 2236 1492 2264 7.
1528 2233 1726 2273 Epigramm.
1745 2235 1799 2264 63.

973 2276 1038 2305 Alii
1052 2276 1236 2317 intelligunt
1249 2277 1417 2307 Licinium
1430 2277 1572 2316 Augusti
1588 2282 1747 2307 tonsorem
1767 2279 1798 2306 δι

968 2317 1132 2349 libertum.

1013 2362 1066 2391 25.
1092 2362 1158 2396 Quo
1174 2360 1347 2403 tondente]
1370 2362 1484 2401 Virgil.
1501 2361 1613 2400 Eclog.
1634 2364 1660 2391 1.

1045 2404 1216 2436 Candidior
1222 2409 1385 2444 postquam
1402 2405 1541 2434 tondenti
1551 2404 1645 2434 barba
1657 2406 1798 2435 cadebat.

1012 2447 1182 2490 Sombat-J
1205 2449 1418 2487 Metonymia.
1452 2447 1488 2476 ld
1503 2453 1560 2485 est,
1573 2447 1693 2477 forfices
1705 2458 1795 2478 sona-

969 2489 1049 2521 bant
1064 2490 1192 2521 barbam
1205 2498 1392 2521 resecantes.

1012 2534 1055 2564 26
1090 2534 1171 2565 Pars
1186 2533 1322 2564 Niliacoe
1331 2530 1463 2573 plebis]
1484 2530 1577 2563 Unus
1592 2532 1609 2563 ὲ
1625 2532 1718 2572 plebe
1733 2534 1797 2564 ΑΞ-

969 2578 1071 2616 gypti‚
1099 2578 1154 2607 ubi
1177 2576 1294 2607 fluvius
1319 2574 1416 2606 Nilus
1440 2575 1520 2605 adeo
1545 2576 1730 2607 decantatus
1755 2578 1796 2606 ob

968 2629 1113 2650 annuam
1151 2619 1416 2659 extimationem,
1457 2620 1486 2648 &
1522 2619 1796 2649 foecundationern

970 2667 1135 2692 terrarum.

1017 2706 1047 2736 V
1043 2703 1145 2746 erud]
1162 2705 1298 2734 Ancilla:
1309 2704 1391 2734 filius
1403 2703 1491 2734 domi
1503 2710 1597 2734 natus
1606 2714 1703 2735 verno
1714 2711 1794 2735 tem-

970 2756 1060 2787 pore,
1097 2749 1195 2778 Verna
1212 2747 1337 2786 proprie
1351 2747 1570 2785 appellabatur
1584 2758 1592 2785 3
1616 2756 1723 2778 servus
1739 2757 1796 2777 au-

971 2796 1037 2820 tern
1060 2791 1118 2830 qui
1133 2790 1276 2827 seujure
1289 2790 1376 2825 belli,
1401 2799 1459 2819 seu
1484 2790 1587 2829 pretio
1609 2797 1738 2828 emptus
1761 2791 1795 2820 in

970 2833 1094 2863 domini
1120 2837 1312 2872 potestatem
1334 2833 1491 2864 veniebat.
1534 2833 1583 2862 Ita
1609 2833 1735 2871 Festus,
1767 2836 1794 2863 ὃ(

971 2875 1111 2905 Nonius.

1018 2915 1163 2958 Canopi]
1185 2917 1354 2957 Oppidum
1371 2916 1503 2957 AEgypti
1518 2917 1704 2947 libidinibus
1720 2917 1802 2948 infat-

971 2969 1037 2997 me,
1060 2961 1099 2989 ad
1119 2961 1238 2991 ostium
1255 2959 1331 2997 Nili,
1361 2961 1447 2999 quod
1462 2961 1536 2990 inde
1552 2960 1674 2990 dictum
1691 2961 1797 2991 Cano-‚

971 3004 1093 3041 picum.
1117 3003 1196 3033 Plin.
1230 3004 1341 3033 Strabo
1368 3003 1442 3033 Lib.
1468 3006 1518 3033 17.
1545 3003 1712 3033 Juvenalis
1728 3004 1798 3033 Sat-

976 3047 1024 3075 15.
1038 3045 1197 3083 famosum
1221 3051 1323 3075 vocat.
1368 3046 1464 3077 Porro
1487 3056 1529 3077 ex
1553 3044 1695 3085 AEgypto
1719 3046 1800 3076 servi

973 3088 1111 3120 Romam
1126 3089 1374 3121 adducebantur.

904 3132 994 3174 132
