1948 3281
700 103 887 148 PERSII
920 105 1136 149 SATIRA
1169 107 1247 150 IV.

111 192 221 252 Quae
244 191 315 235 tibi
338 208 502 237 summa
522 194 619 237 boni
643 205 701 238 est
721 198 736 238 ?
773 198 916 240 Uncta
931 197 1080 239 vixisse
1098 198 1245 254 patella

111 252 281 306 Semper
299 267 309 292 ε
346 253 386 293 Sc
407 253 569 294 assiduo
592 265 729 295 curata
749 255 929 296 cuticula
950 256 1050 297 sole.

110 309 308 363 Expecta.
341 310 465 352 Haud
483 311 590 352 aliud
609 313 846 366 respondeat
871 314 958 353 haec

1752 107 1835 154 307

1319 197 1408 232 Quod
1422 198 1651 237 lillifizstigium
1673 203 1717 230 est
1725 200 1838 237 felici·

1317 240 1420 272 tatis?
1446 242 1573 280 Nempc·
1598 243 1738 272 victitare
1761 253 1833 282 quo-

1316 284 1392 313 tidie
1417 282 1506 313 lauta
1530 286 1661 322 patitui:
1693 288 1716 325 ὅ·
1741 286 1832 324 pellis

977 327 1095 354 anus.
1129 314 1147 355 Ῑ
1169 328 1299 364 nunc,
1315 327 1456 357 continuo
1471 331 1564 356 uncta
1577 329 1618 356 acl
1630 328 1736 358 Solem.
1773 330 1831 358 Sta

109 365 394 408 Dinomaches
411 382 486 423 ego
504 383 624 409 suni:
659 369 790 420 suffla,
810 384 901 410 sum
919 370 1134 412 candidus.
1180 369 1479 419 Est0‚7’⁰²d‘'sP‘-’r·
1530 370 1637 399 Ve‘u‘a
1675 372 1735 400 ‘'⁸¹“
1769 381 1829 402 non

108 423 226 464 Dum
250 438 300 464 ne
322 424 497 467 deterius
521 426 647 481 sapiat
670 427 876 480 pannucia
898 427 1063 478 Baucis,

109 479 222 522 crim
246 480 351 522 bene
373 482 574 524 discincto
598 483 817 525 cantaverit
838 483 975 526 ocima
992 499 1140 527 vernae.

106 537 170 580 Ut
193 553 317 579 nemo
340 540 382 580 in
406 554 492 581 sese
513 549 641 582 tentat
663 541 930 594 descendere3
963 556 1087 584 nemo
1107 558 1117 583 :

104 626 141 651 ta
154 630 212 651 non
226 620 324 650 mimis
337 622 458 658 sapiens
470 621 522 658 sit,
535 621 655 659 quando
670 621 749 650 recte
763 622 885 652 ocimum
892 623 1094 661 proclamabit
1107 633 1192 653 servo
1205 624 1359 656 dissoluto.

105 668 157 696 eur
169 664 296 704 seipsum
311 665 409 694 subire
419 675 434 700 ;
457 664 572 703 nullus,
588 665 741 703 inquam:

1245 429 1294 469 21
1314 411 1404 442 aliud
1413 422 1581 451 responsum
1594 414 1721 442 dederit.
1735 414 1832 444 Modo

1315 455 1378 491 abi,
1397 457 1425 485 δε
1446 457 1552 493 jacta,
1576 465 1632 495 ego
1649 466 1713 485 sum
1732 456 1828 486 Dino-

1313 497 1434 528 maches
1459 498 1561 532 filius,
1602 498 1776 537 intumesce,
1799 501 1826 529 δι

1313 542 1381 578 dic,
1390 541 1536 571 formosus
1547 551 1623 571 sum.
1660 541 1744 571 Bene*
1758 546 1802 571 est
1814 554 1828 577 ,-

1313 584 1471 613 dummodo
1486 584 1601 614 Baucis
1610 586 1726 622 pannis
1741 595 1826 624 oper-

1410 627 1438 658 0
1454 628 1598 667 quomodo
1613 627 1715 658 nullus
1736 636 1827 658 cona-

104 774 148 804 ris
166 777 260 813 caput
283 773 460 809 insanabile,
484 773 541 802 dcc.
585 772 699 802 insulae
724 773 848 803 suntin
871 773 942 803 sinu

105 818 234 856 Oetaeo,
269 827 326 848 seu
366 816 516 853 Maliaco,
549 816 588 845 ad
619 815 850 855 Phthiotidem,
885 826 942 848 seu

105 859 316 898 Thessaliam,
343 861 376 890 in
400 858 517 898 quibus
542 858 668 896 copiose
693 860 804 888 crescit
824 859 941 890 ellebo-

105 913 191 942 rum,
215 915 282 944 quo
303 903 443 933 hominis
467 902 623 931 insaniam
641 903 668 931 Sc
685 902 798 931 noxios
821 902 940 932 humo-

106 956 154 976 res
176 947 352 983 emendari,
377 945 545 984 ingenium
568 945 652 982 acui,
680 949 837 975 testantur
858 945 940 976 Plin.

104 990 159 1020 lib.
180 992 233 1020 25.
255 1000 326 1029 cap.
353 990 383 1018 5.
427 987 512 1017 Gell.
530 988 581 1017 lib.
606 989 654 1017 17.
680 996 749 1025 cap.
769 990 816 1017 15.
862 990 941 1018 Sue·

104 1037 172 1063 ton.
186 1033 326 1073 Caligul.
341 1041 412 1071 cap.
426 1031 478 1061 29.
514 1031 598 1060 Vide
610 1030 762 1061 Juvenal.
778 1031 870 1061 Satir.
890 1033 940 1063 13.

103 1085 131 1105 v.
145 1076 198 1106 97.

144 1119 261 1149 sslelior
274 1117 405 1157 sorbere]
434 1116 555 1147 Phrasis
582 1117 694 1147 Graeca
719 1116 823 1146 Persio
848 1117 939 1148 fami-

103 1162 198 1193 liaris.
251 1162 285 1192 Id
313 1169 372 1198 est,
407 1167 442 1191 tu
470 1160 574 1198 potius
606 1161 684 1189 vitia
715 1166 770 1188 tua
795 1170 940 1199 purgare,

102 1207 203 1244 quam
228 1206 304 1236 ulios
329 1214 433 1243 regere
456 1203 604 1233 deberes:
626 1203 701 1234 Jam
719 1203 805 1232 enirn
820 1213 852 1233 se
870 1213 940 1242 pro-

102 1248 150 1278 dit
175 1250 320 1288 improba
342 1254 399 1277 tua
415 1247 550 1285 indoles,
565 1255 756 1286 quanquam
779 1247 941 1277 occultare

102 1292 223 1322 niteris.

148 1333 306 1372 Meracas]
331 1333 445 1364 Horat.
459 1334 513 1363 lib.
529 1334 559 1363 2.
580 1332 682 1371 Epist.
699 1333 731 1362 2.

145 1378 281 1418 Expulit
295 1376 427 1407 elleboro
443 1376 574 1406 morbum
589 1375 736 1414 bilemque
752 1386 875 1408 meraco,

150 1424 198 1452 17,
226 1421 298 1454 Quae
313 1420 369 1449 tibi
382 1429 497 1449 summa
512 1420 582 1449 boni
597 1423 640 1447 est
651 1419 683 1457 ἓ]
707 1419 768 1448 Sed
787 1427 823 1450 ut
839 1422 938 1461 magis

101 1465 200 1495 etiam
228 1468 390 1504 appareat,
419 1463 518 1501 quam
545 1464 584 1492 sis
609 1462 762 1501 indignus
787 1463 938 1502 Imperio,

100 1507 166 1546 dic,
182 1518 312 1547 quaeso:
338 1516 438 1546 quem
461 1506 520 1535 tibi
540 1506 631 1545 fingis
648 1505 799 1535 ultimum
816 1506 937 1536 finem?

103 1549 202 1583 Quod
230 1560 399 1582 summum
429 1549 569 1580 hominis
604 1549 728 1578 bonum
764 1548 822 1579 tibi
854 1550 937 1580 vide·

102 1597 154 1623 tur
167 1594 177 1622 ἲ

152 1636 254 1667 Uncto
268 1637 377 1667 vixisse
387 1634 524 1677 patella]
549 1633 651 1665 Lauta
667 1634 786 1666 scilicet
802 1636 938 1676 epulari,

104 1680 134 1709 ἀ
151 1682 320 1720 exquisitis
336 1681 412 1711 cibis
428 1680 521 1709 vesci.

102 1722 216 1754 Horat.
233 1725 286 1754 lib.
305 1727 333 1754 1.
349 1724 452 1764 Epist.
467 1722 498 1753 6.

144 1767 180 1796 Si
193 1767 267 1798 bene
284 1769 336 1806 qui
348 1770 464 1805 emunt,
481 1765 554 1796 bene
568 1765 641 1796 vicit
651 1776 665 1801 ,·
687 1766 776 1802 lacet,
793 1774 895 1797 eamme

148 1810 214 1844 Quo
227 1812 314 1842 ‹iucit
325 1811 415 1852 gula.

146 1854 197 1883 18.
234 1855 365 1884 Assiduo
388 1855 496 1884 curata
523 1851 659 1881 cuticula
683 1850 758 1889 sole]
796 1850 834 1881 ln
863 1853 938 1883 Sole

100 1897 243 1936 apricari,
255 1898 431 1928 cuticulam
449 1896 548 1935 probe
557 1905 665 1925 curare
679 1902 778 1934 atque
790 1895 935 1926 insolare.

101 1940 230 1979 Nempe
246 1942 279 1970 in
295 1941 414 1971 deliciis
434 1939 595 1969 habebant
619 1944 740 1968 veteres
763 1938 881 1975 hyeme
895 1939 935 1968 ad

101 1983 226 2022 ignem,
243 1991 350 2014 testate
363 1984 402 2014 ad
415 1983 537 2018 Solem,
549 1982 619 2011 oleo
635 1990 750 2020 corpus
766 1982 935 2021 inungere,

101 2035 172 2064 quo
187 2026 310 2058 facilius
333 2027 414 2057 illud
435 2025 617 2062 imbiberet‚
644 2033 748 2063 eoque
769 2024 936 2055 robustum

101 2068 192 2098 fieret
207 2080 243 2099 ac
258 2071 406 2100 nitidum.

145 2111 284 2144 Martial.
298 2113 352 2143 lib.
370 2114 420 2142 10.
437 2112 635 2151 Epigramm.
655 2111 706 2140 12.

144 2154 175 2193 1,
210 2165 343 2193 precor;
385 2158 410 2193 ἐς
447 2158 527 2184 totos
564 2152 657 2183 avida
695 2156 765 2183 cute
806 2154 937 2184 combibe

185 2198 277 2230 Soles.

234 2241 496 2279 Qudmformems
510 2240 569 2270 eris
581 2240 596 2268 .'

101 2284 176 2314 Hoc
200 2286 228 2314 ὅ(
248 2286 404 2325 superiori
426 2285 497 2313 loco
519 2288 628 2314 notata
650 2282 784 2313 Neronis
805 2285 868 2314 vita
883 2294 937 2314 vo-

101 2328 259 2365 luptuaria
285 2336 385 2368 atque
412 2329 642 2366 intemperans,
668 2326 708 2355 de
735 2336 799 2365 qua
820 2327 937 2366 passim

104 2371 292 2402 Suetonius.

147 2415 198 2445 19.
235 2414 394 2453 Eoepecta]
432 2413 611 2443 Contendit
637 2412 798 2442 Mamilius
826 2412 935 2452 legen-

100 2457 202 2496 dum3
227 2457 279 2487 En
301 2461 417 2497 specta,
436 2457 572 2486 vicinam
588 2456 709 2485 scilicet
721 2464 822 2484 anum
838 2456 934 2486 olera·

100 2510 189 2531 ceam
205 2512 212 2530 z
239 2502 266 2530 Sc
285 2501 354 2531 vide
370 2507 402 2530 tc
414 2509 480 2529 non
492 2500 590 2539 magis
602 2497 702 2537 quam
715 2498 802 2527 illam
815 2507 934 2537 sapere.

100 2542 309 2582 Refragantur
320 2543 531 2575 Casaubonus
547 2544 575 2571 &
592 2542 667 2579 alii,
692 2542 720 2570 δε
733 2550 775 2569 ex
787 2551 935 2572 commu·

101 2587 136 2615 ni
161 2587 298 2617 lectione
326 2588 593 2625 interpretantur:
631 2593 728 2613 mane
757 2584 934 2623 tantulum,

103 2629 132 2658 ὃ(
157 2635 402 2668 praetereuntem
427 2628 506 2658 forte
532 2627 757 2657 mulierculam
780 2626 935 2658 olitricem

102 2673 347 2711 interrogemus,
371 2672 450 2711 quid
475 2671 638 2709 optimum
661 2669 696 2699 in
717 2669 782 2698 vita
801 2669 936 2706 judicet.

103 2715 199 2746 Certe
228 2714 325 2752 idem,
351 2714 439 2754 quod
470 2723 505 2743 tu
537 2721 629 2747 mox,
657 2712 696 2742 de
720 2711 786 2741 fine
817 2712 935 2743 ultimo

101 2759 131 2787 ἃ
149 2767 276 2787 summo
291 2760 388 2795 bono,
402 2756 606 2795 respondebit
620 2755 684 2785 illa.

144 2800 167 2829 I
179 2799 271 2837 nunc]
306 2800 379 2829 Post
397 2800 461 2829 tale
480 2800 627 2838 probrum
645 2799 666 2833 i,
691 2807 804 2836 perge:
830 2803 936 2829 osten-

100 2850 135 2873 ta
157 2843 279 2883 generis
302 2843 501 2872 nobilitatem
526 2843 554 2871 8.-
579 2841 714 2879 corporis
739 2842 887 2879 formam,
911 2843 937 2871 si

101 2887 206 2923 lubet,
229 2885 307 2914 dum
340 2886 412 2923 plus
442 2886 604 2923 sapientis:
638 2893 703 2912 non
740 2884 884 2921 ha‘ebis,
916 2885 936 2913 ὂ

100 2928 263 2966 Princeps,
280 2928 380 2966 quam
397 2928 463 2961 vilis
479 2928 631 2966 quaelibet
647 2936 726 2955 anus
743 2926 889 2964 imperita
906 2927 934 2955 Sc

101 2981 230 3001 vesana.

144 3015 197 3043 20Δ
228 3012 445 3052 Dinomaches]
481 3012 666 3043 Dinomache
682 3012 863 3050 perillustris
879 3012 936 3041 foe-

102 3058 203 3093 mina,
225 3056 242 3084 ὲ
266 3065 329 3094 qua
354 3057 497 3092 trahebat
519 3057 672 3096 originem
692 3054 883 3093 Alcibiades,
908 3056 937 3084 Sc

102 3100 221 3133 exinde
236 3098 437 3138 gloriabatur.
911 3138 955 3180 X

1030 773 1142 814 Suffla]
1165 774 1407 808 Gloriabundus
1423 780 1546 810 exulta.

1028 817 1121 856 Esto]
1146 820 1212 849 Scis
1224 820 1298 851 licet
1312 821 1469 852 formosus
1484 834 1492 861 3
1518 822 1595 862 quid
1613 822 1673 853 hoc
1688 823 1728 853 ad
1743 824 1824 854 bene

985 860 1235 898 imperandum?

1026 904 1082 933 21.
1106 904 1237 945 Baucis]
1265 907 1360 937 Anus
1376 909 1584 947 paupercula·
1631 910 1738 947 Hujus
1756 921 1822 940 me-

984 946 1079 976 minit
1092 946 1228 978 Ovidius
1244 949 1467 990 Metamorph.
1483 952 1511 982 8.
1548 952 1684 982 Ponitur
1699 953 1752 983 hic
1766 964 1822 993 pro

986 989 1129 1028 qualibet
1144 991 1267 1029 abjecta
1283 994 1313 1023 ec
1330 994 1385 1023 vili
1400 995 1603 1025 muliercula.

1028 1033 1080 1063 22.
1107 1032 1287 1065 Cantaverit
1303 1036 1397 1066 ocima
1412 1036 1526 1078 vernae]
1563 1039 1719 1068 Abstrusa
1736 1049 1822 1078 pror-

983 1075 1035 1104 sus
1050 1078 1220 1116 sententia,
1236 1079 1344 1117 inquit
1359 1080 1531 1110 Turnebus
1549 1081 1679 1111 Advers.
1699 1082 1752 1111 lib.
1772 1085 1821 1112 15.

983 1127 1055 1157 cap.
1072 1120 1104 1150 3.
1120 1128 1220 1159 quam
1245 1131 1305 1152 nec
1328 1122 1424 1161 plane
1439 1133 1472 1153 se
1489 1133 1578 1161 posse
1594 1125 1756 1163 explicare
1777 1127 1823 1156 ait

984 1159 1059 1191 ibid.
1117 1163 1371 1203 Interpretantur
1397 1167 1628 1205 communiter,
1656 1177 1755 1198 annm
1786 1170 1823 1198 il-

985 1203 1051 1235 lam
1074 1204 1186 1236 herbas
1209 1217 1280 1238 suas
1295 1208 1358 1238 alta
1374 1219 1452 1239 voce
1476 1210 1668 1249 proclamare
1685 1212 1822 1250 venales,

983 1256 1020 1277 ac
1048 1248 1178 1279 laudare
1203 1251 1291 1290 apud
1321 1261 1425 1282 servos
1455 1262 1562 1283 emere
1591 1254 1746 1292 volentes,
1784 1261 1821 1285 ut

983 1291 1082 1321 carius
1104 1293 1242 1332 vendat3
1280 1295 1332 1324 vel
1354 1305 1425 1334 quae
1454 1296 1612 1326 cantando
1637 1298 1735 1327 etiam
1764 1308 1822 1327 vo-

984 1335 1100 1364 caverit
1130 1336 1158 1365 &
1188 1337 1335 1367 allexerit
1362 1339 1479 1376 quibus
1509 1339 1636 1368 vendat.
1681 1340 1727 1370 At
1753 1341 1820 1371 Ca-

983 1376 1146 1408 saubonus
1160 1381 1258 1418 paulo
1269 1381 1512 1411 subtiliushunc
1523 1382 1633 1412 locum
1643 1388 1821 1419 scrutatum,

984 1417 1015 1447 &
1028 1421 1171 1459 explicat
1184 1421 1224 1451 de
1240 1424 1294 1452 viii
1310 1424 1511 1461 muliercula,
1527 1425 1631 1463 qualis
1646 1432 1693 1455 est
1708 1426 1820 1457 herba-

982 1470 1054 1492 rum
1071 1465 1332 1500 venditrix‚cum
1344 1466 1444 1496 obviis
1459 1468 1657 1506 quibuslibet
1673 1469 1703 1498 <Sc
1715 1471 1821 1500 maxi-

982 1505 1034 1534 me
1058 1516 1134 1537 cum
1158 1509 1255 1538 servis
1284 1510 1504 1547 petulantibus
1528 1516 1671 1541 certante
1697 1513 1817 1551 probris

982 1547 1011 1576 Sc
1038 1550 1231 1581 maledictis:
1256 1560 1294 1581 ut
1315 1553 1357 1581 sit
1378 1562 1510 1583 sensus:
1536 1554 1610 1583 cum
1635 1555 1673 1584 ad
1689 1564 1819 1587 servum

981 1590 1137 1631 dicacem,
1165 1596 1193 1624 δι
1210 1595 1277 1633 ipsa
1292 1595 1388 1625 dicax
1404 1597 1578 1626 cantaverit
1601 1598 1630 1626 Sc
1655 1598 1820 1637 ingesserit

981 1634 1089 1672 ocima,
1116 1636 1146 1666 id
1174 1642 1222 1667 est
1248 1638 1425 1668 maledicta.
1485 1640 1628 1679 Quippe,
1656 1648 1693 1670 ut
1720 1641 1819 1672 habet

982 1677 1064 1707 Plin.
1088 1679 1132 1709 lib
1161 1681 1210 1710 19.
1235 1690 1306 1720 cap.
1323 1683 1352 1711 7.
1399 1681 1534 1712 Ocimum
1555 1693 1622 1712 cum
1646 1684 1819 1715 'teoledictis

980 1729 1019 1748 ac
1031 1723 1151 1759 probris
1163 1724 1332 1762 serendum,
1356 1728 1391 1754 ut
1406 1724 1505 1754 lcetizis
1520 1727 1693 1764 proveniat,
1706 1729 1818 1766 proeci-

974 1762 1102 1800 piebem
1126 1767 1327 1804 superstitiosi
1347 1771 1470 1797 veteres.
1514 1769 1601 1799 Cum
1625 1769 1818 1802 Casaubono

979 1805 1066 1837 idem
1100 1809 1194 1847 plane
1231 1810 1329 1839 sentit
1357 1810 1532 1840 Turnebus
1562 1812 1729 1842 Adversar.
1756 1815 1813 1844 lib.

979 1848 1031 1878 30.
1055 1860 1124 1890 cap.
1154 1852 1186 1881 8.
1210 1853 1368 1892 quicquid
1393 1855 1505 1893 garriat
1532 1854 1737 1894 Autumnus,
1761 1856 1816 1888 In-

979 1896 1111 1932 terpres,
1149 1895 1207 1934 qui
1239 1896 1323 1925 certe
1362 1896 1487 1926 videtur
1524 1897 1727 1936 Turnebum,
1756 1906 1816 1931 aut

978 1943 1043 1965 non
1069 1938 1216 1977 omnino,
1238 1945 1296 1968 aut
1318 1940 1421 1977 primo
1447 1940 1570 1970 tantum
1596 1941 1706 1980 legisse
1728 1942 1816 1980 loco,

979 1987 1079 2016 quem
1105 1982 1201 2011 etiam
1236 1991 1403 2020 perperam
1432 1982 1520 2020 citat,
1559 1984 1592 2012 in
1626 1983 1719 2014 Notis
1755 1986 1814 2016 illis

978 2021 1203 2063 singularibus,
1241 2025 1360 2064 quibus
1394 2024 1624 2057 casaubonum
1660 2029 1813 2068 corrigere

979 2065 1162 2103 pollicetur.

1027 2108 1149 2150 Ocima]
1173 2113 1256 2142 Sunt
1281 2113 1338 2152 qui
1353 2113 1473 2153 legant,
1488 2113 1554 2143 ocia
1565 2124 1578 2149 ;
1602 2115 1631 2143 ὅ(
1647 2114 1812 2152 explicant

980 2151 1182 2192 voluptatem
1196 2166 1233 2185 ac
1246 2156 1405 2194 libidines,
1421 2166 1499 2195 quas
1515 2157 1601 2195 apud
1617 2167 1741 2187 servum
1760 2169 1813 2188 ve-

981 2196 1048 2225 tula
1062 2203 1213 2235 ostentet,
1229 2206 1266 2229 ut
1277 2209 1355 2228 eum
1370 2200 1496 2230 alliciat.
1522 2200 1584 2229 Sed
1599 2210 1708 2239 apage.
1738 2202 1811 2230 Oci-

980 2248 1071 2277 mum,
1093 2241 1160 2271 sive
1180 2242 1339 2280 Ocymum,
1365 2244 1452 2281 quod
1476 2244 1504 2272 δι
1528 2241 1694 2279 Bae-mxiv,
1716 2244 1814 2274 herba

981 2289 1029 2312 est
1044 2283 1214 2324 odorifera3
1241 2286 1319 2315 item
1337 2286 1447 2324 pabuli
1461 2295 1575 2325 genus
1622 2287 1698 2323 Ejus
1713 2288 1812 2317 virtu-

980 2330 1026 2354 tes
1055 2335 1092 2355 ac
1120 2328 1329 2366 proprietates
1361 2334 1536 2367 exponunt
1569 2328 1680 2366 Varro,
1719 2329 1814 2367 Cato,

981 2367 1114 2408 Plinius,
1131 2371 1220 2400 variis
1244 2371 1334 2401 locis.
1379 2372 1410 2400 A
1427 2371 1586 2401 celeritate
1604 2373 1816 2409 proveniendi

978 2411 1021 2439 sic
1050 2413 1262 2452 appellatum,
1293 2414 1380 2444 testis
1411 2420 1457 2443 est
1489 2423 1531 2442 ex
1553 2413 1696 2444 Varrone
1725 2415 1811 2447 idem

978 2452 1111 2493 Plinius,
1133 2456 1189 2486 lib.
1210 2456 1259 2486 18.
1276 2466 1346 2496 cap.
1363 2456 1413 2486 16.
1431 2458 1459 2485 δε
1476 2456 1562 2485 alibi.
1608 2456 1743 2488 Ponitur
1758 2459 1812 2490 hic

978 2505 1035 2535 pro
1051 2500 1166 2537 quovis
1181 2500 1276 2529 olere.

1020 2541 1073 2571 23.
1106 2540 1145 2570 Ut
1160 2552 1254 2580 nemsi,
1271 2542 1335 2580 ξιτ]
1359 2542 1561 2572 Exclamatio
1585 2544 1614 2573 &
1631 2542 1810 2584 Epanalep-

977 2582 1019 2612 sis
1042 2584 1298 2624 indignationem
1315 2588 1344 2615 δε
1360 2585 1605 2616 admirationem
1627 2586 1819 2624 indicantes,

979 2625 1071 2665 Virg.
1088 2627 1200 2667 Eclog.
1218 2627 1247 2656 8.

1027 2668 1068 2698 Ut
1083 2670 1156 2708 ridi,
1171 2675 1207 2700 nt
1217 2671 1309 2709 perii,
1322 2674 1356 2701 ut
1369 2681 1414 2700 me
1431 2670 1526 2700 malus
1541 2671 1669 2702 abstulit
1684 2683 1778 2704 error.

979 2710 1094 2744 Horat.
1111 2713 1164 2743 lib.
1182 2715 1210 2743 1.
1229 2715 1294 2743 Sat.
1311 2717 1339 2743 1.

1237 2756 1366 2786 Nemon'
1380 2760 1415 2786 ut
1427 2767 1537 2787 avarus

1022 2796 1062 2827 Se
1073 2798 1179 2837 probet
1194 2797 1208 2826 ?

1028 2839 1068 2869 Ut
1090 2851 1175 2870 nemo
1200 2841 1232 2870 in
1255 2852 1317 2872 sese
1341 2847 1438 2873 tentat
1461 2844 1651 2882 descendere]
1674 2843 1819 2877 Quibus·-

979 2883 1053 2913 dam
1084 2884 1188 2922 p'acet
1215 2884 1442 2924 digressionem
1468 2898 1533 2917 e—se
1557 2888 1609 2918 hic
1638 2888 1676 2916 ad
1705 2888 1815 2917 locum

980 2936 1190 2957 communem
1217 2927 1363 2958 adversus
1389 2939 1441 2959 eos
1465 2933 1522 2969 qui
1544 2932 1648 2960 aliena
1671 2930 1816 2968 quidem,

981 2979 1047 2998 non
1057 2970 1135 2999 item
1152 2980 1210 3000 sua
1226 2978 1324 3001 errata
1337 2972 1513 3010 pervident,
1527 2973 1567 3001 de
1582 2972 1702 3011 quibus
1716 2973 1815 3001 Hora-

982 3013 1058 3048 tius,
1075 3013 1167 3042 Satir.
1187 3015 1217 3042 S.
1237 3013 1290 3043 lib.
1307 3015 1338 3044 2.

1026 3055 1103 3084 Cam
1119 3059 1172 3085 tua
1183 3057 1342 3094 pervideas
1357 3057 1454 3087 oculis
1466 3059 1548 3087 mala
1562 3057 1661 3095 lippus
1673 3057 1817 3098 inunctis,

989 3140 1013 3167 ⁶)
1028 3097 1090 3128 Cur
1104 3098 1135 3132 in
1151 3099 1313 3132 anticorum
1328 3100 1408 3131 vitiis
1424 3104 1485 3131 tam
1501 3100 1596 3132 cernis
1611 3104 1746 3141 acutum,

991 3167 1013 3180 -l
