1948 3281
634 73 973 122 JUVENALIS
1006 68 1225 116 SATIRA
1255 73 1294 117 Ι.

110 173 325 231 Armigero
343 173 353 214 ¹.
388 170 615 227 simplexne
636 169 751 210 furor
771 165 951 209 sestertia
973 174 1141 206 centum

113 232 276 276 Perdere
294 248 304 283 3
340 230 380 272 sc
400 228 579 271 horrenti
602 226 783 268 tunicam
805 239 891 266 non
908 222 1070 264 reddere
1092 223 1236 265 servo?

111 290 216 334 Ouis
239 288 407 330 totidem
432 286 556 328 erexit
579 285 720 326 villas?
755 282 847 339 quis
871 280 1024 323 fercula
1045 289 1202 335 septem

112 335 276 389 §ecreto
299 345 475 386 coenavit
497 345 623 384 avus?
659 355 772 383 nunc
793 338 971 395 sportula
994 338 1126 393 primo

112 404 276 447 Limine
301 418 417 457 parva
440 403 565 450 sedet,
590 401 720 441 turbae
742 398 930 453 rapienda
960 405 1127 459 togatae.

115 462 188 503 Ille
212 474 345 502 tamen
371 460 515 501 faciem
543 459 653 513 prius
679 455 859 512 inspicit,
887 456 925 495 Sc
946 453 1132 509 trepidat,
1171 467 1223 494 ne

114 514 360 574 Suppositus
384 518 533 566 venias,
559 532 602 557 ac
627 515 728 556 falso
752 512 921 555 nomine
944 526 1103 574 poscas.

218 577 224 582 ’
570 574 594 615 J
601 573 693 614 ubet
716 571 742 613 ὲ.
764 584 952 626 praecone
972 583 1107 610 vocari

115 578 294 634 Agnitus
315 577 508 630 accipies.

353 649 450 687 titius,
473 653 564 689 atque
575 651 666 687 petas
681 646 769 676 titulo
780 643 926 674 mendaci.

1775 75 1817 120 ll

1312 164 1362 194 An
1387 165 1522 205 vulgaris
1549 170 1596 195 est
1622 166 1739 197 insania
1769 170 1823 199 a'e-

1307 208 1434 246 perdere
1460 211 1577 238 contum
1601 211 1764 247 sestertia;
1801 215 1824 243 ὃς

1312 254 1422 281 vestem
1448 261 1506 280 non
1528 252 1685 281 restituere
1711 245 1826 294 algenti

1304 293 1454 330 santulo?
1477 293 1592 332 Ecquis
1607 298 1650 323 tot
1671 296 1756 325 villas
1775 308 1827 327 oc—

1244 338 1295 379 95
1314 342 1409 370 tramit
1427 339 1443 369 3
1482 339 1557 372 Quis
1593 350 1714 370 avorum
1750 343 1826 372 clam

1313 386 1456 422 epulatus
1478 387 1520 412 est
1543 384 1668 422 dapibus
1691 388 1798 422 septem
1813 386 1827 415 .'

1314 425 1386 456 Jam
1403 427 1436 456 in
1455 426 1553 465 primo
1578 427 1665 456 aditu
1686 427 1828 467 exiguum

1315 470 1399 500 adest
1416 479 1523 499 munus
1550 471 1569 498 ιῑ
1582 469 1763 508 frequentia
1781 474 1828 499 to-

1312 517 1392 554 gata
1419 513 1629 544 auferendum.
1684 514 1829 543 Attamen

1315 557 1374 586 iste
1397 558 1512 585 vultum
1533 557 1624 585 antea
1639 555 1783 594 intuetur,
1807 559 1831 594 ᾇ,-

1318 598 1461 629 tremiscit
1483 608 1520 627 ne
1545 599 1671 628 accedas
1693 600 1830 637 supposi-

975 641 1124 683 Cognz'tus
1133 641 1297 683 percipies.
1344 642 1403 672 Per
1411 650 1579 682 praeconem
1595 641 1690 671 acciri
1704 642 1834 682 imperat

119 792 147 821 ἇ-
163 791 388 821 contentiones
401 789 514 821 ludum
527 795 720 830 sequuntur.
769 788 835 818 Alii
847 787 942 817 intel·-

118 835 225 874 ligunt
251 835 352 864 rixam
381 835 465 863 inter
487 843 612 863 servum
644 834 671 862 <Sc
697 833 811 862 herum
829 830 941 860 luden-

119 884 204 910 tem;
230 878 282 907 hic
297 877 449 907 nimirum
464 877 758 913 amissisomnibus,
771 883 843 913 quae
857 879 941 904 attu-

120 921 209 957 lerat,
233 921 328 949 etiam
356 919 478 949 famulo
504 920 574 950 vult
598 919 764 949 detrahere
787 918 943 954 tunicam,

122 972 220 1002 quam
247 969 392 1002 exponat
413 964 503 1001 aleae,
527 972 656 1002 sperans
677 963 792 992 amissa
813 961 943 991 tandem

122 1015 329 1044 recuperare:
358 1017 397 1036 ex
414 1017 502 1036 more
521 1006 705 1036 ludentium

162 1048 378 1087 Dispensatore
388 1048 562 1090 armigera]
571 1050 669 1079 Servo
680 1047 945 1079 subministrante

122 1091 192 1121 ludi
216 1093 440 1130 instrumenta,
468 1094 650 1131 pecuniam,
675 1100 817 1129 tesseras,
840 1090 942 1119 alveo-

121 1134 202 1172 lum,
227 1136 284 1164 &c
309 1136 393 1165 sicut
418 1137 554 1176 armiger
580 1143 670 1175 parat
697 1140 867 1174 portatque
889 1133 943 1163 do-

123 1178 211 1207 mino
228 1178 384 1214 bellatori,
407 1189 505 1216 arma,
530 1179 588 1209 ἅτε.

165 1221 217 1251 92.
240 1220 410 1260 Simplexne
424 1222 543 1260 furor]
567 1223 622 1252 An
650 1229 716 1251 non
736 1222 806 1251 haec
827 1219 951 1250 insania

124 1268 171 1292 est
186 1274 281 1302 supra
298 1266 461 1304 vulgarem
481 1268 509 1295 δε
525 1273 750 1302 communem,
762 1264 794 1294 in
810 1263 880 1292 alea
896 1262 949 1292 de-

124 1315 261 1345 coquere
279 1309 413 1337 omnia?

166 1349 311 1380 Sestertio
323 1354 439 1380 centum
446 1351 600 1391 perdere]
610 1350 764 1390 Magnam
773 1358 951 1388 summam,

125 1393 292 1432 ingentem
312 1395 455 1432 pecuniae
474 1397 549 1434 vim,
574 1404 641 1425 uno
658 1394 713 1423 tali
721 1394 813 1431 jactu
827 1393 948 1432 disper-

124 1435 210 1475 dere,
243 1446 272 1466 v.
297 1446 317 1476 g
365 1446 498 1468 centum
527 1438 630 1468 millia
657 1437 862 1475 sestertissm3
900 1436 951 1465 vel

125 1477 313 1517 simpliciter
335 1487 469 1511 centum
498 1481 654 1518 sestertia,
676 1488 749 1518 quae
763 1480 874 1510 valent
889 1480 951 1509 sin-

126 1523 201 1561 gula
216 1524 374 1553 sestertios
391 1525 489 1562 mille,
506 1525 535 1554 id
552 1531 612 1562 cst,
625 1524 770 1554 denarios
786 1524 871 1559 2253
894 1531 952 1553 seu

129 1565 239 1604 viginti
268 1567 417 1606 quinque
431 1574 610 1606 coronatos,
633 1567 691 1607 qui
705 1566 824 1606 singuli
845 1566 955 1596 valent

127 1607 256 1647 triginta
283 1610 431 1650 quinque
457 1611 585 1649 solidos,
608 1611 648 1641 ad
671 1617 808 1640 monetae
823 1608 956 1640 Gallicae

128 1652 384 1685 aestimationem.
428 1654 577 1692 'nuda-ms,
600 1655 638 1684 de
651 1663 726 1684 asse.
764 1652 850 1683 Vide
875 1653 957 1683 Plin.

128 1692 183 1722 lib.
201 1695 233 1724 3.
260 1704 329 1733 cap.
347 1700 377 1727 3.

173 1736 226 1767 93.
250 1736 427 1779 Horrentt’.]
452 1740 598 1779 Algenti,
623 1742 651 1771 <Sc
675 1750 738 1779 prae
761 1741 874 1780 frigore
896 1746 960 1770 tre·

130 1781 249 1818 menti,
273 1783 410 1820 spoliato
435 1783 554 1821 nempe
580 1783 690 1813 tunica
716 1783 786 1820 sua,
809 1793 908 1822 quam
922 1784 958 1814 in

130 1822 209 1852 ludo
232 1824 328 1854 herus
357 1825 491 1864 perdidit
514 1827 623 1863 etiam,
648 1833 683 1855 ut
707 1826 833 1856 dictum
856 1835 955 1856 mox:

131 1875 192 1894 nec
209 1867 303 1897 aliam
321 1868 453 1898 reddidit
470 1869 626 1907 indigenti
649 1878 749 1899 servo.
795 1868 860 1898 Vel
882 1869 954 1899 sim-

133 1908 248 1947 plicins
272 1911 416 1951 intellige
439 1911 479 1941 de
502 1912 621 1948 lusore,
658 1913 714 1950 qui
737 1911 896 1950 impendit
925 1912 958 1942 in

131 1951 235 1982 aleam
250 1953 382 1992 grandes
402 1956 565 1993 pecunias,
590 1956 617 1984 ἀ
631 1955 684 1984 vix
700 1954 824 1984 famulo
836 1961 957 1985 vestem

133 1997 342 2026 necessariam
358 2007 443 2036 supp
465 1998 555 2027 ditat.
606 1998 726 2027 Persius
744 1997 810 2027 Sat.
833 1998 860 2026 1.

178 2037 244 2067 Scis
254 2040 388 2069 comitem
401 2040 584 2070 horridulum
596 2040 673 2070 trita
683 2041 793 2070 dmmre
805 2039 936 2070 lacerna.

177 2080 229 2110 94.
257 2081 333 2115 Quis
354 2084 474 2113 totidem
495 2083 591 2113 erexit
612 2084 727 2122 villas]
747 2086 797 2114 An
810 2084 888 2113 olim
903 2085 962 2113 im-

135 2132 243 2162 pensae
271 2130 320 2154 tot
344 2126 475 2164 fiebant,
502 2133 537 2156 ut
563 2137 664 2164 nunc,
687 2128 723 2156 in
752 2127 872 2156 insanis
886 2127 963 2156 sub-

137 2168 380 2207 structionibus,
404 2170 492 2208 quod
515 2170 558 2200 ait
585 2171 718 2200 Tullius
744 2179 803 2209 pro
821 2169 963 2209 Milone,

136 2210 276 2248 loquens
292 2212 331 2240 de
349 2213 372 2242 P
401 2213 508 2244 Clodii
523 2213 635 2243 fundo.

180 2253 306 2284 Fer-cula
324 2256 460 2294 eptem]
484 2256 646 2286 Solemnis
672 2261 862 2295 apparatum
890 2266 965 2287 con-

143 2295 232 2334 vivii,
265 2298 354 2337 apud
380 2299 527 2336 Veteres,
558 2308 737 2329 numerum
769 2299 966 2330 ferculorum

139 2339 225 2377 apud
241 2342 341 2370 varios
366 2342 541 2380 diversum,
558 2351 713 2381 pompam
731 2342 760 2371 ἃ
785 2342 906 2373 luxum
932 2344 967 2374 in

138 2379 178 2411 iis
207 2383 397 2414 inferendis:
437 2385 508 2415 vide
538 2394 609 2424 cap.
641 2387 695 2416 21.
721 2385 774 2415 lib.
805 2387 834 2415 5.
881 2386 966 2417 Gen.

139 2424 216 2455 dier.
233 2427 332 2456 Alex.
348 2428 387 2457 ab
410 2429 508 2459 Alex.

182 2469 236 2498 95.
263 2469 338 2503 Quis
337 2470 462 2508 ferenda
476 2474 587 2510 septem
601 2471 713 2502 secreto
722 2471 853 2502 coenavit
867 2472 970 2512 avua]

139 2509 221 2544 Quis
236 2511 254 2541 ὲ
270 2515 384 2543 nostris
406 2516 581 2554 majoribus
597 2516 700 2546 lautas
723 2517 875 2546 instruxit
889 2526 966 2555 epu-

139 2554 186 2584 las
203 2555 301 2594 clam,
327 2557 356 2586 δι
381 2559 463 2588 inter
480 2558 617 2596 privatos
633 2560 767 2598 parietes
781 2559 791 2586 ἲ
816 2559 869 2588 illa
885 2559 969 2590 certe

138 2597 174 2628 in
189 2599 271 2629 atriis
300 2600 328 2630 &
343 2601 448 2638 palam
464 2601 635 2632 coenabant
650 2602 812 2641 frugaliter
827 2604 857 2631 δε
876 2613 970 2641 parvo

141 2643 296 2672 contenti.
328 2642 402 2675 Val.
422 2644 512 2674 Max.
531 2645 551 2673 l.
568 2645 598 2673 2.
625 2655 650 2675 c.
668 2648 696 2675 5.
724 2655 756 2675 n.
771 2647 800 2674 5.
824 2645 899 2675 Fuit
914 2647 972 2677 illa

140 2683 318 2721 simplicitas
332 2686 542 2726 Antiquarum,
560 2688 678 2726 inquit,
693 2688 724 2717 in
739 2688 802 2716 cibo
813 2690 971 2728 capiendo,

141 2729 174 2755 ut
189 2728 326 2757 maximis
342 2729 414 2759 viris
429 2731 582 2768 prandere
596 2734 619 2769 t}-
635 2741 752 2761 caenare
769 2731 800 2759 z'n
810 2734 972 2770 propatulo

139 2770 319 2800 rerecundiae
334 2781 390 2801 non
406 2777 499 2802 esset.-
525 2782 578 2802 nec
601 2774 673 2803 sane
695 2776 773 2804 ullas
793 2777 894 2814 epulas
919 2775 970 2805 Ιια·

141 2811 259 2850 bebant,
285 2823 359 2852 quas
393 2817 494 2854 populi
528 2818 621 2846 oculis
645 2818 793 2857 subjicere
820 2818 970 2848 erubesce·

140 2858 227 2883 rent:
268 2861 410 2896 erantque
445 2860 519 2888 aded
554 2861 744 2890 continentiae
779 2862 902 2899 attenti,
938 2865 970 2891 ut

129 2896 327 2936 frequentior
352 2902 434 2939 apud
457 2912 505 2931 eos
533 2903 632 2941 pultis
648 2914 728 2942 usus,
765 2904 855 2943 quam
880 2906 974 2942 panis

140 2944 229 2972 esset.

187 2981 277 3013 Nunc
291 2987 425 3023 sportula
432 2987 545 3027 primo,
558 2988 624 3028 age]
647 2989 739 3020 Olim
756 2989 974 3022 exhibebatur

143 3028 331 3058 convivium
358 3030 386 3059 δι
403 3031 531 3069 publice
558 3032 692 3071 quidem
720 3033 829 3073 egenis
849 3034 973 3066 clienti-

142 3068 216 3110 bus,
239 3076 272 3103 at
299 3081 388 3105 nunc
411 3073 529 3107 divites
552 3076 732 3117 epulantur
756 3077 890 3118 quidem
912 3078 973 3120 ipsi

1005 786 1153 824 privatim
1167 797 1173 815 :
1199 787 1324 816 asseclis
1338 792 1448 815 autem
1463 785 1517 815 vix
1532 793 1654 814 munus
1670 784 1831 824 exiguum

1004 829 1150 859 distribui
1164 830 1196 859 in
1212 829 1293 859 atrio
1308 830 1437 868 jubent.
1496 827 1706 858 Domitianus
1720 833 1832 858 tamen

1004 873 1109 902 multa
1127 882 1248 903 novans
1264 873 1420 911 sportulas
1445 871 1591 910 publicas
1615 871 1756 909 sustulit,
1785 881 1832 900 re-

1002 916 1113 945 vocata
1125 925 1288 946 coenarum
1303 923 1460 945 rectarum
1477 913 1726 952 consuetudine,
1748 920 1831 944 tecte

1006 958 1175 995 Suetonio,
1192 959 1370 988 Domitian.
1384 967 1455 996 cap.
1471 959 1500 987 7.

1045 1001 1189 1041 Sportula
1201 1002 1296 1042 primo
1311 1001 1413 1031 limine
1422 1010 1520 1039 pan-a
1535 998 1644 1037 sedet]
1668 999 1756 1030 Loco
1767 1009 1832 1030 coe-

1003 1054 1051 1075 nae
1070 1054 1176 1082 rectae,
1199 1046 1229 1075 id
1246 1051 1306 1083 est,
1332 1046 1447 1083 plenae,
1471 1044 1616 1083 integrae,
1636 1043 1744 1078 lautae,
1768 1045 1831 1082 pri·

1005 1090 1080 1119 dem
1099 1090 1242 1120 exhiberi
1263 1089 1361 1119 soliiae
1390 1087 1572 1123 clientibus,
1602 1095 1660 1124 pro
1676 1086 1831 1125 impensis

1007 1132 1119 1163 officiis
1134 1142 1207 1173 erga
1231 1137 1393 1171 patronoS,
1416 1130 1509 1160 datur
1522 1138 1612 1159 nunc
1625 1128 1831 1159 solummodo

1009 1177 1166 1214 sportula,
1190 1186 1232 1206 ex
1251 1176 1370 1206 Edicto
1386 1173 1535 1208 Neronis,
1554 1177 1588 1202 ut
1604 1177 1740 1201 testatur
1753 1172 1834 1202 Sue-

1011 1220 1130 1258 toniuS,
1146 1220 1330 1259 pecuniaria
1344 1217 1491 1257 quidem,
1508 1222 1543 1246 ut
1558 1216 1602 1244 ait
1616 1215 1760 1245 Turneb.
1776 1216 1833 1246 lib.

1009 1263 1062 1292 20.
1089 1273 1160 1302 cap.
1183 1263 1201 1291 8
1237 1262 1334 1292 Alex.
1360 1261 1400 1291 ab
1421 1260 1510 1290 Alex
1545 1258 1599 1288 lib.
1627 1259 1657 1288 5.
1681 1267 1750 1297 cap.
1777 1259 1833 1289 24.

1009 1305 1149 1337 Martial.
1174 1305 1230 1335 lib.
1246 1306 1276 1335 3.
1303 1304 1455 1343 Epigram
1483 1304 1501 1333 7
1538 1301 1567 1331 δι
1592 1300 1669 1331 dum
1691 1303 1778 1337 justa
1798 1302 1833 1331 in

1010 1357 1168 1388 pauperes
1199 1347 1419 1378 munificentia
1446 1346 1629 1385 abrogatur,
1657 1345 1767 1375 omnia
1799 1345 1833 1375 in

1009 1391 1128 1422 luxum
1145 1402 1182 1422 ae
1198 1391 1346 1422 libidines
1362 1389 1584 1420 effunduntur.

1049 1434 1221 1474 Sportula]
1239 1433 1352 1474 Sporta
1375 1435 1398 1472 ς·
1422 1431 1563 1472 sportella
1594 1429 1835 1469 receptaculum

1009 1485 1056 1509 est
1082 1488 1270 1517 munerum,
1285 1478 1391 1517 inquit
1408 1477 1527 1507 Ascon.
1545 1474 1627 1504 Paed.
1655 1478 1834 1513 metonym.

1005 1531 1064 1562 pro
1077 1522 1152 1553 dato
1164 1531 1300 1553 munere
1315 1521 1459 1561 ponitur,
1474 1519 1538 1549 sivo
1555 1518 1694 1557 pecunia
1707 1517 1758 1555 sit,
1770 1517 1837 1547 sive

1010 1566 1198 1605 obsonium,
1225 1567 1252 1595 &
1280 1566 1381 1596 cibus.
1412 1572 1486 1603 quae
1512 1562 1670 1592 dabantur
1697 1560 1773 1589 olim
1799 1561 1840 1590 in-

1009 1614 1127 1649 sporta,
1142 1619 1214 1649 quae
1231 1608 1354 1649 proprie
1365 1606 1484 1638 fiscella
1498 1613 1542 1635 est
1557 1607 1583 1634 δι
1602 1602 1702 1634 corbis
1717 1602 1735 1633 ὲ
1749 1611 1836 1643 spor-

1011 1659 1045 1684 to
1056 1653 1166 1692 herba,
1182 1653 1268 1683 unde
1283 1661 1415 1683 nomen.

1049 1695 1103 1727 96.
1130 1693 1262 1736 Parva]
1283 1694 1365 1729 Quae
1380 1700 1514 1725 centum
1529 1697 1593 1722 erat
1617 1689 1836 1730 quadrantum

1010 1739 1191 1770 dumiayat.
1236 1739 1381 1769 Turneb.
1407 1739 1435 1767 &
1453 1737 1552 1766 Alex.
1579 1734 1618 1763 ab
1644 1734 1741 1764 Alex.
1766 1733 1838 1763 loco

1011 1792 1090 1813 mox
1105 1783 1211 1814 citato.
1255 1782 1392 1812 Martial-
1414 1781 1481 1810 Lib.
1496 1780 1527 1808 8.
1543 1778 1704 1816 Epigram.
1720 1778 1750 1806 7.

1137 1826 1266 1856 Centum
1282 1824 1394 1855 miselli
1401 1823 1473 1862 jam
1484 1820 1585 1852 valete
1598 1819 1797 1858 quadrantes.

1012 1867 1055 1898 Et
1076 1868 1150 1898 Lib.
1170 1871 1220 1899 10.
1246 1869 1408 1908 Epigram.
1425 1869 1477 1896 75.

1094 1910 1239 1950 Sportula
1265 1920 1320 1940 nos
1346 1910 1457 1949 junxit
1489 1905 1714 1947 quadrantibus
1750 1905 1839 1936 arida

1139 1960 1271 1984 centum.

1053 1995 1247 2038 Rapienda]
1272 1996 1428 2027 Certatim
1443 1992 1674 2034 praeripierida3
1699 1992 1840 2022 timenti·

1012 2039 1072 2070 bus
1087 2041 1221 2079 singulis
1236 2050 1278 2069 ne
1292 2041 1411 2071 ultimo
1435 2038 1506 2076 sibi,
1536 2042 1573 2067 ut
1598 2037 1633 2066 fit
1656 2035 1840 2074 aliquando,

1011 2083 1090 2113 nihil
1104 2085 1143 2113 sit
1160 2085 1333 2114 residuum.

1055 2125 1161 2157 Turbae
1190 2125 1336 2168 togatae]
1373 2124 1536 2159 Quoniam
1563 2123 1749 2152 tenuiorum
1768 2126 1843 2159 toga

1009 2174 1086 2208 erat,
1101 2170 1198 2201 vestis
1213 2172 1367 2201 nimirum
1387 2168 1493 2199 vilior:
1520 2167 1594 2197 hinc
1609 2164 1764 2204 significat
1788 2164 1842 2192 hle

1010 2214 1167 2250 Clientes,
1190 2215 1246 2253 qui
1266 2213 1359 2244 mane
1375 2213 1525 2243 Patronus
1552 2209 1706 2243 salutant,
1727 2205 1843 2235 deinde

1008 2257 1046 2286 ad
1066 2256 1171 2288 forum
1197 2259 1404 2293 comitantur,
1423 2256 1450 2284 &
1468 2253 1569 2283 officia
1598 2260 1655 2280 sua
1682 2254 1842 2288 praestant,

1009 2301 1043 2329 in
1066 2301 1246 2331 mercedem
1263 2302 1339 2331 vero
1354 2299 1463 2339 postea
1489 2297 1525 2326 ad
1542 2302 1667 2326 coenam
1686 2297 1843 2321 vocantur

1010 2344 1050 2374 ab
1083 2345 1173 2382 ipsis-
1192 2344 1345 2381 Patronis,
1384 2348 1441 2372 aut
1476 2340 1651 2377 sportulam
1679 2333 1843 2365 auferunt.

1012 2386 1152 2417 Marti-al.
1169 2387 1240 2418 Lib.
1261 2389 1310 2417 10.
1336 2387 1497 2425 Epigram.
1517 2381 1566 2412 18.
1766 2420 1772 2426 ι
1809 2421 1813 2424 ⁴

1013 2427 1078 2459 Nec
1087 2434 1177 2460 vocat
1189 2431 1231 2460 ad
1242 2440 1360 2461 coenam
1371 2427 1508 2463 Marius,
1526 2433 1580 2454 nec
1592 2430 1716 2453 munera
1730 2424 1844 2487 msstttoe

1054 2472 1077 2497 ³¹5
1248 2474 1271 2498 κ
1461 2469 1483 2492 21:

1097 2517 1169 2548 Heu
1183 2518 1275 2557 quam
1291 2511 1447 2555 peffatuae
1461 2516 1532 2542 sunt
1547 2509 1614 2547 tibi,
1628 2509 1739 2545 Roma,
1756 2510 1845 2554 togoe5

1056 2559 1107 2590 97.
1131 2560 1195 2591 Ille
1209 2565 1310 2590 tamen
1323 2555 1534 2598 prizisjaciem
1550 2549 1705 2592 inspicit.]
1738 2550 1766 2580 Is
1789 2559 1845 2588 qux

1014 2605 1165 2642 sportulis
1196 2603 1361 2642 erogandis
1388 2608 1434 2630 est
1459 2600 1476 2629 ὲ
1503 2598 1600 2627 divite
1627 2601 1685 2643 aut
1712 2599 1846 2632 patrono

1016 2646 1196 2685 praefectus,
1228 2655 1327 2685 quern
1357 2644 1441 2674 baluc
1453 2648 1575 2672 atoretn
1605 2639 1729 2669 elixum
1755 2642 1848 2665 vocat

1017 2689 1153 2720 Maniai.
1179 2690 1238 2720 Lib
1267 2692 1297 2718 3.
1323 2687 1486 2727 Epigram.
1502 2687 1532 2714 7.
1727 2723 1733 2728 .
1775 2722 1781 2727 .

1059 2733 1182 2763 Faciem
1192 2732 1281 2771 priris
1293 2727 1447 2771 inspicit]
1472 2729 1596 2759 Cavens
1614 2735 1654 2755 ne
1679 2733 1751 2763 quis
1775 2731 1849 2751 irre-

1016 2783 1071 2815 pat
1082 2777 1222 2813 alienus‚
1232 2776 1422 2805 subornatus
1439 2773 1468 2802 δε
1485 2772 1612 2811 ignotus
1627 2779 1636 2806 ς
1651 2774 1748 2815 atque
1761 2774 1850 2810 sporf

1016 2819 1120 2849 tulam
1148 2819 1247 2857 rapiat
1268 2818 1341 2848 solis
1368 2815 1539 2848 clientibus
1565 2813 1758 2843 administris
1783 2807 1849 2835 dari

1012 2863 1143 2899 jussam.

1063 2904 1211 2944 Trepidat
1230 2915 1280 2942 ne,
1312 2900 1384 2945 qm]
1420 2901 1620 2941 Argueretur
1636 2897 1724 2926 enim
1748 2894 1766 2923 ὲ
1782 2893 1849 2922 Do-

1016 2948 1119 2986 mino,
1133 2949 1158 2977 si
1174 2948 1298 2988 imponi
1321 2946 1379 2977 sibi
1394 2950 1567 2985 pateretur,
1581 2941 1687 2972 forsan
1714 2939 1744 2967 &
1762 2937 1851 2966 dam-

1019 3000 1102 3022 num
1115 2991 1221 3021 ferret.
1797 3022 1801 3027 .

1061 3035 1113 3066 99-
1138 3034 1279 3076 Agnitus
1292 3028 1454 3073 accipies]
1487 3031 1583 3062 Tunc
1598 3034 1718 3076 munus
1733 3031 1851 3070 (mines,

1018 3078 1090 3111 cum
1107 3077 1250 3118 legitime
1264 3084 1375 3120 petere
1388 3076 1476 3109 visus
1493 3074 1521 3105 δι
1539 3076 1665 3113 agnitus
1680 3068 1788 3105 fueris.
