1948 3281
128 97 211 138 332

123 232 193 260 (lum
227 230 391 268 interpone.
436 229 482 259 At
513 230 636 268 Jupiter

123 271 320 302 auscultabit.
354 271 454 310 Eheu,
465 272 596 311 stupide,
610 282 635 300 ει

124 314 282 345 contendis
308 315 408 344 vivere
434 315 536 344 amice
570 324 636 343 cum
650 301 883 340 Contentus
906 314 1084 356 perages,
1109 299 1141 340 si
1163 299 1292 340 vivere
1314 314 1410 340 cum
1432 301 1534 341 Jove
1554 299 1699 341 tendis.

734 97 920 140 PERSII
953 92 1170 138 SATIR'A
1199 97 1255 140 V.

125 186 290 226 Quidpiam
304 189 464 224 commuta,
473 184 634 226 juv'uran-
645 184 770 227 Verte
790 185 942 242 aliquid
960 202 972 237 3

1661 185 1780 227 Eheu

1002 185 1110 241 jura.
1171 185 1251 227 Sed
1273 184 1432 240 Jupiter
1452 186 1601 228 audiet.

633 244 770 293 Baro,
794 252 1045 298 regustatum
1067 241 1195 298 digito
1217 241 1410 284 terebrare
1432 243 1606 284 salinum

1761 300 1840 340 139

124 358 213 395 Jove,
228 358 328 388 vitam
340 358 513 398 ‘1328281122'8
528 355 742 398 habensJam
766 356 898 411 pueris
920 356 1067 412 pellem
1089 356 1322 397 succinctus
1341 357 1380 398 &
1401 358 1675 411 oenophorum
1698 365 1808 411 aptas
1825 372 1839 408 ;

118 401 280 440 perforare
293 401 393 441 digito
407 400 536 430 salinum
562 398 636 427 dele-

127 444 241 473 batum.

288 444 369 473 Mox
389 449 498 472 autem
515 414 793 479 expedi-OCYUS
815 414 864 455 ad
886 428 1046 455 navem.
1108 413 1223 455 Nihil
1246 414 1380 455 obstat
1401 413 1501 469 quin
1525 414 1633 455 trabe
1652 415 1765 455 vasta

128 490 178 515 tus
191 487 398 515 accommodas
402 484 538 522 famulis
547 483 723 521 manticam,
736 483 759 520 ἐς
771 481 835 513 vini
849 482 989 524 lagenam
999 493 1009 510 .·
1035 483 1062 512 &
1077 492 1238 522 properas,
1258 482 1365 512 statim
1380 483 1423 512 ad
1435 492 1542 512 navem
1552 493 1562 511 .-
1588 481 1664 512 nihil
1675 486 1843 512 remoratur

128 529 285 568 quominus
298 528 405 567 rapide
421 528 528 558 subeas
542 536 629 556 mare

170 647 222 677 N'e
239 646 427 685 Cibyratica,
442 654 480 674 ne
492 643 633 684 Bithyna
648 644 772 684 negotia
782 643 905 683 perdas.

172 690 279 729 Piper]
305 690 386 718 Plin.
401 689 456 719 lib.
474 690 525 717 12.
537 698 608 727 cap.
624 690 652 717 7.
678 687 798 717 Passim
811 696 876 726 quoe
881 687 971 727 piper

126 731 440 774 gignunt‚jumperis
454 732 565 760 nostris
579 731 702 769 similes,
718 731 833 769 inquit.

180 776 260 805 Tolle
282 775 296 803 ἑ
320 774 443 803 sitiente
465 773 592 812 camelo]
626 773 660 803 ld
688 781 745 811 est,
762 783 903 804 exonera
919 783 968 803 ca-

134 818 257 849 melum
289 818 381 847 variis
416 817 574 853 ejusmodi
610 817 770 846 mercibus
800 822 968 854 onustum,

130 861 226 900 longa
240 859 359 889 fessum
377 860 405 888 <Sc
423 860 624 889 sitibundum
643 858 704 896 via,
722 860 750 888 Sc
765 859 893 888 venales
910 869 968 888 ex·

132 913 229 943 pone.
273 902 414 932 Sitiente.
461 903 587 934 Dicitur
610 903 753 931 camelus
779 902 864 931 sitim
889 902 967 931 tole-

132 956 200 976 rare
215 946 253 976 ad
267 945 487 984 quatriduum.
532 945 615 974 Plin.
632 945 686 974 lib.
705 945 735 973 8.
752 954 822 983 cap.
839 945 888 974 18.
915 945 969 974 ubi

132 991 161 1019 <Sc
176 989 236 1018 alia
248 989 286 1017 ad
300 988 414 1018 cameli
429 995 578 1018 naturam
603 988 630 1017 δι
648 987 789 1017 indolem
806 988 970 1026 pertinen·

135 1033 179 1062 tia
194 1031 263 1060 fuse
279 1032 487 1070 persequitur.

177 1075 249 1104 1537.
276 1073 364 1102 Verte
378 1073 510 1112 aliquid]
534 1073 639 1103 Vetus
656 1073 824 1103 Scholiast.
862 1071 970 1113 Nego-

133 1116 224 1154 tiare‚
236 1117 365 1155 speciem
373 1126 432 1154 pro
445 1116 541 1155 specie
553 1120 716 1153 commuta,
725 1117 843 1154 inquit,
859 1126 900 1146 ne
916 1117 971 1145 de-

135 1170 184 1190 ses
196 1161 331 1198 amplius
344 1160 455 1188 mane:
483 1160 608 1188 divitias
617 1169 753 1198 congere
766 1160 883 1196 labore,
905 1160 971 1189 imo

134 1204 164 1233 ἀ
180 1203 330 1242 perjurio,
345 1212 381 1231 ac
396 1202 580 1240 fraudibu53
605 1203 630 1231 si
647 1211 727 1240 opus
743 1209 800 1231 est.

176 1245 271 1283 Jura]
295 1245 399 1274 Bonas
415 1254 481 1274 esse
506 1254 628 1275 merces
642 1245 775 1281 affirma,
799 1245 895 1274 etiam
913 1244 972 1274 fal-

135 1297 189 1318 so:
214 1289 354 1328 pejerare
375 1297 418 1317 ne
439 1287 560 1318 dubita.
606 1287 700 1317 Certe
724 1289 873 1326 quicum
890 1297 971 1317 rner-

134 1333 294 1362 catoribus
317 1332 405 1368 jurat
427 1330 522 1369 saepe‚
545 1331 630 1370 saepe
655 1332 684 1360 δι
709 1332 841 1370 pejerat.
886 1330 971 1360 Vide

136 1374 225 1404 Tull.
241 1373 336 1404 Offie.
350 1374 380 1404 3.
396 1373 435 1402 ad
451 1374 560 1403 finem.

177 1417 238 1446 Sed
251 1416 376 1454 Jupiter
390 1416 509 1454 audiet]
543 1417 691 1446 Avaritia:
717 1416 822 1446 Dama
844 1426 971 1455 respou-

135 1460 200 1489 det.
245 1461 372 1490 Scilicet
394 1469 447 1489 me
470 1460 564 1496 jubes
580 1469 645 1489 rem
669 1469 785 1498 augere
801 1460 973 1489 mendaciis

135 1504 251 1542 passim
267 1512 302 1532 ac
321 1503 482 1540 perjuriis3
508 1509 545 1531 ut
559 1503 662 1532 solent
685 1508 881 1531 mercatores.
927 1504 973 1533 At

136 1546 267 1585 Jupiter
281 1545 400 1574 vindex
416 1545 527 1574 aderit.
552 1545 745 1583 Sapientum
760 1551 807 1574 est
822 1545 969 1575 axioma:

134 1588 188 1618 Ita
201 1589 372 1625 vivendum,
388 1591 531 1625 tanquam
546 1588 600 1616 sub
616 1587 677 1616 Dei
692 1587 794 1616 oculis.

179 1628 287 1671 Eheu]
309 1631 523 1669 Jungendum
539 1640 613 1659 cum
637 1630 901 1669 praecedentibus,
925 1631 972 1661 in-

137 1675 211 1713 quit
227 1674 450 1710 casaubonus,
475 1679 511 1702 ut
527 1673 634 1702 Dama
649 1674 876 1702 imminentem
904 1684 973 1712 per-

133 1718 224 1755 juriis
241 1717 414 1746 vindictam
428 1724 585 1753 vereatur,
597 1716 636 1745 ad
649 1725 747 1754 quam
762 1725 796 1745 se
811 1717 902 1755 quasi
919 1726 974 1746 ne-

137 1761 281 1790 cessitate
296 1759 381 1798 adigi
396 1759 557 1798 intelligit.
604 1759 735 1798 Legunt
747 1759 801 1788 alii
817 1758 887 1796 heu,
907 1758 975 1798 heu,

140 1809 286 1841 essetque
301 1801 542 1832 attribuendum
558 1802 708 1841 sequenti
724 1802 903 1839 semensa,
920 1812 977 1841 per

140 1854 240 1884 quam
255 1846 365 1875 Damae
384 1844 494 1884 religio
511 1845 572 1874 risu
589 1845 761 1874 excutitur.

185 1890 255 1918 138.
278 1887 374 1924 Baro,
387 1891 587 1928 regustatum,
605 1887 670 1925 asma]
702 1888 847 1917 Avaritia
869 1888 977 1927 instat,

141 1932 171 1961 ἃ
188 1932 385 1970 paupertatis
401 1938 527 1960 metum
544 1931 659 1960 incutit
675 1931 802 1968 Damae,
826 1939 863 1960 ut
876 1931 980 1971 religi-

141 1983 238 2004 onem
269 1975 371 2004 elevet
407 1973 604 2012 adimatque.
650 1973 744 2002 Adeo
766 1973 899 2003 stolidus
934 1985 979 2013 ες,

142 2017 265 2056 inquit,
281 2024 316 2047 ut
330 2018 424 2047 miser
437 2026 504 2045 esse
517 2017 619 2053 malis,
630 2016 728 2054 quarn
745 2017 873 2046 mentiri
884 2017 910 2046 ἃ
920 2018 976 2055 ju-

143 2070 218 2097 rare,
236 2060 405 2090 formidine
421 2059 541 2088 scilicet
552 2059 642 2089 Jovis
656 2058 662 2088 !

185 2102 285 2141 Baro]
307 2102 409 2131 Vetus
423 2102 530 2131 Schol.
546 2101 673 2141 Lingua
688 2100 847 2131 Gallorum
856 2101 982 2133 barones

140 2145 191 2176 vel
213 2154 339 2176 varones
364 2145 506 2173 dicuntur
527 2146 603 2174 servi
631 2144 773 2182 militum,
799 2145 852 2183 qui
877 2145 981 2183 utique

142 2188 316 2219 stultissimi
340 2190 423 2224 sunt,
450 2188 529 2216 servi
553 2187 691 2216 videlicet
712 2187 884 2217 stultorum.
923 2188 981 2218 Est

143 2231 254 2271 igitur,
277 2231 360 2267 bam,
386 2230 471 2259 idm
491 2239 526 2259 ac
542 2230 658 2259 bardus
673 2230 701 2258 &
718 2239 836 2260 vecors.
880 2229 981 2260 Cicer.

143 2274 200 2304 lib.
216 2275 249 2305 9.
271 2275 373 2312 Epist.
396 2272 510 2302 Famil.
532 2271 655 2302 ultima.
699 2272 781 2302 Item
807 2272 862 2302 lib.
885 2274 917 2302 2.
941 2274 981 2303 de

146 2317 291 2347 Divinat.
307 2317 367 2346 sub
383 2314 496 2352 finem,
510 2316 537 2345 dc
551 2315 637 2349 alibi,
653 2316 803 2354 baronem,
822 2316 913 2354 ponit
925 2327 982 2355 pro

145 2359 285 2399 stupido.
330 2359 460 2398 Legunt
487 2358 551 2396 alii,
577 2367 661 2396 vare,
685 2358 716 2387 id
732 2364 791 2396 est,
807 2358 937 2389 distorte
952 2362 981 2390 δε

145 2403 290 2432 aberrans
303 2402 320 2430 a
337 2407 421 2431 recta
435 2401 567 2438 ratione,
582 2402 635 2430 sed
653 2401 829 2440 perperam.
874 2400 982 2432 Habe-

147 2450 200 2474 tur
215 2446 316 2483 enirn,
331 2455 415 2481 varo,
430 2445 462 2474 in
479 2445 611 2473 vetustis
627 2443 799 2474 codicibus.

189 2487 392 2527 Regustatum
406 2487 504 2527 digito
517 2487 667 2516 terebrare
678 2485 825 2525 salinum]
842 2487 982 2527 Scilicet,

147 2529 167 2559 ὸ
184 2531 270 2567 baro,
287 2530 414 2560 modico
426 2530 513 2559 victu
521 2535 715 2559 contentum
730 2539 796 2559 esse
810 2537 842 2560 te
855 2537 981 2570 oporte-

146 2573 215 2611 bit3
241 2573 385 2611 adeoque
402 2573 493 2611 inops
508 2573 579 2610 eris,
603 2579 639 2602 ut
652 2573 750 2602 micas
766 2573 836 2602 salis
852 2575 982 2614 colligas

128 2656 131 2658 ‚
147 2615 182 2645 in
198 2615 298 2645 fundo
314 2615 405 2645 salini
420 2616 533 2654 saepius
548 2616 699 2655 appositi,
716 2616 743 2644 δι
763 2616 895 2654 proinde
911 2626 979 2647 sor-

147 2657 222 2688 didi.

189 2699 302 2740 Digito
317 2700 481 2739 terebrare]
504 2700 697 2741 Emphatice
711 2700 833 2731 omnia.
871 2701 982 2742 Digito

148 2752 306 2782 premere,
330 2747 368 2772 ut
390 2744 547 2782 perforare
571 2744 725 2774 videaris:
750 2745 813 2783 vel,
836 2746 981 2784 primori-

146 2787 207 2816 bus
223 2786 326 2825 digitis
341 2785 480 2816 delibans
495 2788 565 2817 salis
579 2787 776 2826 pauxillum,
794 2794 885 2817 notas
899 2789 979 2829 digi-

148 2835 257 2859 torum
274 2828 442 2866 relinques.
487 2829 568 2862 Quae
585 2830 694 2860 omnia
706 2836 879 2870 egestatem
893 2841 981 2862 sum-

150 2881 237 2902 mam
254 2876 405 2910 arguunt.

190 2913 343 2952 salinum]
377 2913 459 2943 Plin.
484 2913 536 2943 lib.
563 2914 616 2943 31.
641 2924 711 2954 cap.
736 2918 764 2946 7.
790 2917 830 2946 de
852 2918 916 2946 sale
941 2919 985 2950 sic

148 2956 247 2986 habet
262 2968 269 2985 z
300 2956 393 2986 Varro
409 2956 606 2995 pulmentarii
618 2957 681 2986 vice
703 2968 772 2988 usos
786 2963 899 2989 veteres
913 2970 984 2991 ouc-

151 3002 199 3027 tor
217 3003 261 3028 est
270 3010 280 3026 .·
307 2998 432 3028 esitasse
444 2998 522 3028 enim
534 3000 626 3028 salem
638 3009 794 3039 campane
806 3004 828 3039 ἐς
838 3011 937 3041 caseo,
950 3008 985 3034 ut

150 3040 311 3070 Proverbio
324 3045 466 3080 apparet.
511 3040 685 3079 Nimirum,
695 3044 792 3073 salem
805 3045 926 3084 lingere
936 3047 983 3076 di-

150 3089 281 3124 cuntur,
296 3085 355 3124 qui
374 3084 512 3115 tenuiter
525 3083 699 3115 admodum
726 3086 754 3116 &
775 3087 868 3126 parce
890 3089 982 3119 vieti-

1012 648 1092 673 tant.
1138 643 1241 674 Plaut.
1260 643 1401 674 Curcull.
1419 643 1492 673 Act.
1508 644 1539 673 4.
1556 643 1649 674 Scen.
1666 643 1724 673 ult.
1768 643 1845 680 Hic,

1012 685 1100 717 hodie
1114 687 1198 725 apud
1211 697 1256 716 me
1271 690 1424 725 nunquam
1447 686 1582 727 delinges
1606 685 1699 716 salem
1709 697 1724 722 ,·
1745 686 1777 716 id
1798 690 1846 716 est

1013 739 1055 760 ne
1071 731 1243 760 minimum
1259 730 1390 769 quidem
1407 729 1468 759 cibi
1479 732 1593 769 capies«

1016 773 1130 803 Horat.
1147 773 1200 802 lib.
1217 774 1247 803 2.
1266 773 1326 802 Od.
1348 773 1394 803 16.

1061 816 1180 846 Vivitur
1190 825 1285 854 parvo
1301 815 1385 854 hene,
1401 815 1450 844 cui
1462 819 1622 853 paternum

1056 858 1202 898 Splendet
1213 859 1245 887 in
1261 868 1362 887 mensa
1377 859 1460 887 tenui
1471 858 1612 889 salinum.

1013 901 1148 931 Constat
1171 902 1254 931 certe
1278 901 1487 940 pauperrimis
1516 902 1593 931 olim
1616 902 1726 932 cibum
1749 901 1849 932 fuisse

1011 945 1111 974 salem
1126 953 1200 974 cum
1212 953 1295 982 pane
1309 955 1318 981 3
1341 944 1423 973 sicut
1436 945 1463 973 ἃ*
1476 945 1726 975 Eremicolarum
1738 944 1846 975 Chris·

1013 991 1175 1017 tianorum
1193 987 1368 1016 nonnullis.

1061 1031 1132 1060 139.
1158 1027 1344 1070 Contentus]
1367 1029 1495 1060 Frustra
1509 1030 1624 1070 legunt
1644 1031 1757 1070 aliqui,
1778 1040 1848 1060 cou-

1016 1076 1157 1112 temptas.

1058 1115 1207 1156 Per-ages]
1230 1115 1288 1145 Per
1301 1120 1402 1145 totam
1418 1117 1516 1146 vitam
1533 1126 1656 1155 pauper
1672 1118 1701 1146 &
1716 1126 1848 1156 egenus,

1057 1159 1091 1188 Si
1106 1160 1203 1188 rivere
1217 1168 1283 1189 cum
1299 1158 1375 1187 Jove
1391 1158 1506 1200 tendis]
1537 1160 1570 1189 Si
1591 1160 1612 1190 J
1617 1168 1711 1189 ovem
1732 1160 1849 1190 habere

1015 1203 1179 1241 placatum
1195 1202 1221 1232 &
1235 1202 1377 1231 amicum
1388 1203 1540 1240 intendis,
1554 1204 1677 1242 integer
1687 1203 1773 1241 vitae,
1783 1212 1848 1233 sce·

1015 1245 1151 1283 lerisque
1169 1254 1279 1283 puru5‚
1292 1253 1327 1273 ac
1344 1254 1472 1275 morum
1489 1246 1667 1275 sanctitate.

1064 1290 1133 1317 140.
1158 1288 1230 1317 Jam
1246 1287 1351 1326 pueris
1364 1290 1486 1326 pellem,
1501 1289 1566 1327 effa]
1590 1288 1696 1318 Darna
1718 1288 1848 1319 tandem

1015 1331 1106 1361 Jovis
1121 1333 1150 1360 δε
1167 1328 1366 1360 cons'cientiae
1395 1337 1520 1361 metum
1545 1341 1581 1361 ac
1603 1331 1749 1362 stimulos
1771 1342 1850 1370 prae-

1016 1380 1186 1413 tergressus
1201 1374 1338 1402 avaritiae
1364 1383 1396 1403 se
1423 1375 1527 1412 tradit,
1551 1375 1621 1412 ejus
1643 1375 1745 1404 victus
1759 1383 1849 1414 argu-

1016 1418 1141 1447 mentis.
1161 1432 1165 1434 >
1189 1416 1311 1446 Verum
1342 1417 1398 1446 iter
1430 1423 1594 1456 parantem
1621 1416 1660 1446 ad
1686 1417 1793 1454 Indos,
1820 1418 1850 1448 &

1016 1461 1090 1489 navi
1106 1460 1292 1498 proximum
1311 1459 1380 1496 jarn
1406 1460 1435 1489 &
1459 1460 1652 1499 expeditum
1675 1460 1853 1499 aggreditur

1016 1503 1157 1540 luxuria,
1171 1502 1307 1531 deterret
1321 1503 1519 1542 retrahitque
1533 1508 1694 1533 ostentans
1705 1503 1851 1533 laborum

1017 1546 1166 1575 duritiam
1184 1546 1211 1574 δι
1228 1545 1413 1584 longinquae
1427 1545 1637 1585 navigationis
1652 1545 1852 1576 molestias&

1024 1589 1175 1627 perleula.

1060 1631 1183 1669 Pueris]
1209 1630 1340 1670 Legunt
1356 1631 1499 1670 quidam,
1522 1631 1652 1670 pueris,
1676 1631 1708 1661 id
1733 1637 1792 1671 est,
1815 1637 1853 1662 tu

1012 1673 1081 1711 jam
1097 1674 1232 1704 avaritiae
1249 1683 1357 1704 servus
1373 1676 1476 1715 pergis
1491 1685 1557 1714 quo
1573 1682 1666 1705 vocat
1681 1675 1744 1704 illa.
1790 1676 1854 1705 Sed

1018 1718 1195 1755 perperam.
1241 1717 1310 1746 Nec
1325 1718 1453 1756 melius,
1469 1717 1555 1756 quod
1579 1718 1757 1757 suspicatur
1772 1727 1854 1748 non-

1017 1769 1116 1789 nemo
1132 1759 1306 1799 legendum
1321 1761 1430 1799 postea
1443 1771 1452 1799 3
1469 1765 1571 1800 aptus,
1584 1771 1640 1800 pro
1653 1763 1754 1800 aptas·
1776 1761 1855 1791 Jam

1019 1804 1162 1841 protecto
1181 1803 1274 1842 nugis
1298 1813 1398 1843 nugas
1414 1810 1516 1834 suunt
1530 1810 1709 1842 aptantque
1725 1804 1753 1833 &
1769 1813 1855 1834 som-

1022 1846 1073 1874 nia
1087 1846 1231 1883 somniis,
1247 1847 1304 1885 qui
1320 1847 1388 1876 aliis
1403 1847 1561 1876 insomnia
1576 1846 1745 1885 objiciunt.
1790 1846 1856 1876 Hie

1024 1888 1099 1917 sane
1127 1897 1195 1918 non
1221 1889 1301 1918 bene
1331 1899 1427 1918 sanus
1456 1890 1620 1919 Marcilius
1644 1888 1801 1926 videatur,
1825 1891 1855 1919 δε

1021 1930 1106 1960 male
1120 1931 1309 1961 Casaubono
1324 1932 1474 1969 insidiari,
1490 1933 1564 1962 alias
1578 1932 1748 1971 perspicax
1762 1933 1789 1961 ἃς
1806 1941 1855 1961 so-

1019 1973 1092 2011 lers,
1107 1983 1234 2012 semper
1248 1979 1357 2004 autem
1374 1975 1526 2004 eruditus.

1064 2015 1196 2055 Pellem]
1221 2018 1375 2053 Sarcinas,
1401 2018 1579 2056 sacculum,
1602 2018 1635 2047 in
1664 2026 1730 2056 quo
1752 2016 1857 2048 itineri

1023 2060 1213 2089 necessaria:
1251 2060 1299 2089 vel
1326 2060 1342 2089 ὲ
1364 2061 1501 2099 pellibus
1520 2061 1649 2090 hirsutis
1672 2065 1796 2090 vestem
1818 2060 1858 2090 ad
1883 2074 1885 2076 ·

1022 2102 1121 2141 frigus
1131 2102 1304 2132 arcendum
1319 2115 1325 2131 ι
1342 2103 1382 2132 de
1396 2113 1462 2143 qua
1472 2103 1492 2134 J
1497 2104 1640 2134 uvenalis
1652 2103 1726 2134 ante
1740 2103 1857 2134 citatus

1024 2145 1124 2174 Satira
1145 2147 1192 2174 14.
1209 2155 1238 2174 v.
1255 2145 1326 2176 186.

1067 2187 1129 2220 Qui
1144 2193 1307 2218 summovet
1321 2189 1423 2218 Euros
1431 2189 1566 2228 pellibus
1580 2188 1718 2219 inversis.

1024 2229 1067 2260 Et
1082 2231 1177 2260 Ovid.
1194 2231 1287 2262 Trist.
1301 2233 1330 2262 3.
1350 2232 1440 2272 Eleg.
1460 2235 1508 2262 10.

1066 2273 1215 2312 Pellibus,
1231 2276 1254 2312 ᾁ-
1270 2276 1346 2304 sutis
1360 2279 1463 2304 arcent
1479 2274 1697 2316 malafrigora
1712 2274 1838 2304 braccis.

1068 2316 1258 2356 Succinctus]
1293 2318 1451 2348 Collectas
1483 2319 1511 2348 ἃ
1540 2321 1736 2357 praecinctas‚
1767 2327 1857 2348 more

1025 2359 1197 2397 viatorum,
1210 2362 1276 2398 jam
1293 2367 1396 2391 vestes
1410 2361 1543 2391 habens.

1025 2402 1139 2432 Horat.
1155 2403 1208 2433 lib.
1225 2405 1255 2432 2.
1272 2404 1335 2432 Sat.
1350 2404 1379 2433 6.

1117 2444 1219 2475 Veluti
1232 2446 1404 2475 succinctus
1418 2445 1547 2476 cursitat
1562 2444 1675 2484 hospes.

1072 2487 1298 2529 Oenoplzorum]
1313 2490 1374 2518 Vas
1388 2489 1556 2519 vinarium.
1581 2488 1658 2521 Vox
1669 2493 1736 2519 tota
1749 2487 1859 2521 Graem

1024 2535 1082 2561 est.
1127 2533 1218 2570 οῖιος,
1233 2532 1345 2571 vinum,
1361 2529 1447 2572 φέρω,
1457 2535 1560 2571 porto,

1025 2575 1138 2604 Horat.
1155 2577 1208 2605 lib.
1230 2577 1256 2604 1.
1273 2577 1339 2605 Sat.
1356 2576 1387 2605 6.

1108 2618 1215 2655 Pueri,
1227 2620 1363 2648 lasanum
1371 2621 1545 2657 portantes,
1560 2619 1818 2660 oenoplzorumqne.

1067 2661 1183 2700 Aptas]
1206 2661 1260 2691 Ad
1276 2671 1390 2691 navem
1407 2660 1576 2691 deferenda
1591 2664 1741 2702 imponis,

1070 2706 1142 2734 141.
1194 2704 1294 2742 Ocyus
1319 2705 1361 2733 ad
1387 2704 1509 2742 navem]
1547 2706 1640 2735 forte
1665 2707 1759 2737 verba
1781 2713 1860 2739 sunt

1027 2746 1141 2776 Damae
1169 2748 1355 2786 imperantis
1390 2755 1503 2785 puer0,
1534 2755 1570 2777 ut
1592 2749 1712 2779 deferre
1730 2749 1859 2781 festinet

1027 2789 1216 2828 impositum
1252 2799 1357 2819 onus:
1397 2790 1447 2819 vel
1477 2797 1554 2820 sunt
1583 2790 1685 2823 Po‘etae
1715 2792 1755 2821 ad
1792 2793 1858 2823 Da-

1026 2841 1125 2863 mam.

1069 2874 1156 2906 Nihil
1168 2875 1283 2914 obstat]
1306 2874 1467 2905 Omnibus
1485 2877 1554 2913 jam
1578 2877 1617 2907 ad
1640 2877 1672 2907 id
1694 2887 1860 2917 compara-

1027 2924 1078 2948 tis.

1074 2961 1170 2992 Trabe
1184 2961 1286 3000 vasta]
1310 2960 1528 3000 synecdoche.
1573 2963 1637 2993 Sic.
1661 2962 1774 2994 Horat.
1796 2962 1855 2993 lib.

1029 3005 1057 3034 1.
1070 3005 1132 3034 Od.
1152 3007 1180 3035 1.

1471 3046 1568 3077 Trabe
1584 3047 1701 3087 Cypri&

1068 3089 1226 3130 Myrtoum
1235 3089 1368 3129 pavidus
1380 3094 1477 3121 nauta
1490 3095 1571 3121 secet
1582 3100 1675 3121 mare.
