1948 3281
636 61 972 106 JUVENALIS
1004 58 1219 101 SATIRA
1252 60 1288 99 Ι.
1791 62 1814 107 7

103 155 267 198 Doctus
291 154 329 196 &
350 153 397 196 ad
421 152 589 195 calicem
610 151 792 209 vigilanti
816 160 977 192 stertere
997 165 1122 192 naso:

107 213 220 254 Cum
242 212 302 254 fas
323 226 409 253 esse
431 219 545 266 putet
566 224 703 251 curam
729 224 882 265 sperare
905 208 1085 249 cohortis

104 269 190 326 Qui
213 269 320 311 bona
343 268 508 310 donavit
531 267 793 322 praesepibus,
829 266 868 307 gt
888 275 994 306 caret
1018 264 1133 306 omni

104 326 318 383 Majorum
340 340 484 375 censu,
517 326 615 365 (lum
640 325 816 379 pervolat
839 338 910 364 axe
933 323 1056 364 citato

104 383 376 425 Flaminiam:
412 398 510 438 puer
535 382 816 431 Automedon,
841 395 937 422 nam
961 381 1044 421 lora
1066 378 1226 420 tenebat

106 441 199 494 Ipse
222 440 432 482 lacernatae
453 455 549 481 cum
576 455 615 480 sc
632 440 801 495 jactaret
824 438 983 479 amicae.

102 498 259 539 Nonne
281 498 376 538 libet
397 498 531 538 medio
553 512 660 538 ceras
684 497 849 551 implere
871 509 1036 549 capaces

104 554 359 612 Quadrivio?
397 555 507 596 Cum
524 555 611 610 jain
635 555 747 595 scxtfi
769 553 922 593 cervice
944 553 1092 593 feratur

676 627 724 655 An
742 635 797 652 non
814 625 908 661 juvat
924 625 1035 661 replere
1050 632 1134 652 ceras
1154 624 1269 661 amplas
1285 622 1318 652 in
1333 621 1436 650 mediis
1444 619 1554 659 plateis
1567 630 1575 646 :
1601 620 1719 658 quando
1735 629 1815 649 nunc

99 670 242 703 portatur
257 669 331 696 collo
344 668 515 706 sextuplivi,
540 669 625 698 illinc
639 672 660 707 ξς
677 669 786 697 isthinc
798 676 958 706 apparens,

104 623 275 653 ostentabat
289 625 408 654 amasiae
424 624 626 664 clilamgsdatoe.

1299 149 1435 188 possiden
1440 149 1471 178 (Ιὶ
1475 171 1484 187 ,
1518 149 1615 189 perita
1622 161 1632 176 x·
1668 160 1699 178 su
1706 149 1816 187 ‹pit-ere

1301 195 1434 232 laquear,
1444 201 1561 232 gnarus
1571 193 1656 220 etiam
1672 193 1712 221 acl
1722 203 1815 230 pocu-

1301 238 1331 265 la
1360 235 1503 264 rhonchos
1536 235 1665 264 emittere
1694 227 1816 266 narib'us

1300 278 1480 317 εἴρωνα-[ἑκ
1492 289 1500 305 .-
1525 277 1642 316 quando
1657 282 1814 313 expectare

1229 322 1285 362 60
1298 326 1423 351 catertae
1438 321 1564 355 regimen
1581 320 1668 348 licere
1682 320 1782 356 credit·
1792 322 1815 350 is

1299 365 1352 402 qui
1364 364 1489 393 stabulis
1504 372 1572 402 opes
1587 362 1680 400 dedit,
1706 363 1736 393 3<
1751 372 1810 391 om-

1301 407 1370 436 nino
1386 416 1441 435 non
1456 405 1542 435 habel
1565 405 1780 444 patrimonium
1796 406 1813 434 a

1298 449 1483 489 majoribus,·
1506 449 1624 487 quando
1646 449 1733 478 viam
1743 447 1814 477 Fla-

1300 493 1422 522 miniam
1438 491 1581 531 percurrit
1595 491 1687 520 veloci
1696 490 1788 520 rltedci
1803 503 1811 518 :

1298 536 1407 564 etenim
1421 535 1545 573 juvenis
1560 534 1744 563 Automedon
1767 544 1812 562 re-

1297 577 1387 617 gebat
1403 578 1520 615 ftaena,
1558 576 1676 615 quando
1706 586 1735 605 se
1764 576 1815 605 ille

150 753 200 782 57.
229 752 380 795 Vigilanti
402 758 524 783 stertere
550 753 649 791 naso]
696 753 819 783 Doctus
836 753 930 782 rhon-

107 795 183 825 chos
201 796 295 826 edere
309 798 405 826 etiam
423 798 495 826 cum
510 802 557 826 est
572 796 712 826 maxime
727 803 930 834 experrectus

107 840 136 867 ἃ
153 838 239 878 vigil.
257 839 336 870 Coel.
357 840 489 877 ithodig.
514 840 568 868 lib.
585 840 635 869 12.
658 849 728 878 cap.
749 838 798 868 16.
823 839 928 869 locum

107 882 194 911 hunc
212 882 294 912 belle
317 884 476 921 explicat:
504 883 687 921 ibidemque
713 883 859 911 meminit
874 891 930 911 cu—

101 924 230 960 jusdam
245 925 348 963 Cepii,
366 926 422 964 qui
438 926 684 955 Paiarlienclion
698 925 815 960 dictus,
840 925 929 963 quod

105 966 318 998 dormientem
343 969 521 1005 simularet,
538 978 604 1007 quo
631 968 822 1007 impunitius
848 978 931 997 uxor

107 1011 322 1040 moecharetur
336 1023 342 1040 :
364 1011 448 1041 unde
464 1012 540 1041 illud
555 1023 561 1040 :
583 1012 646 1041 Non
661 1011 793 1041 omnibus
806 1011 929 1040 dormio.

148 1053 200 1083 58.
246 1053 356 1083 Curam
372 1065 492 1093 sperare
508 1054 660 1093 cohortis]
710 1054 928 1085 Praefecturam

106 1096 266 1126 Praetorii:
303 1098 368 1135 vel,
405 1104 438 1128 ut
468 1100 512 1128 ait
538 1098 639 1127 Vetus
669 1099 775 1127 Schol.
804 1098 930 1127 militum

108 1140 315 1169 Tribunatum.
370 1141 463 1171 Porro
486 1141 598 1171 cohors
623 1141 781 1179 peditibus
805 1146 930 1170 consta-

104 1184 158 1214 bat
172 1185 246 1221 550,
270 1185 435 1223 equitibus
452 1186 526 1214 vero
541 1184 594 1216 66,
609 1192 644 1213 ut
658 1185 749 1213 aiunt
765 1196 771 1213 ε
798 1190 930 1223 eratque

104 1227 237 1266 legionis
253 1237 321 1265 pars
336 1227 466 1258 dec-ma.
514 1227 617 1256 Testis
631 1226 716 1256 Geli.
742 1227 762 1256 l.
781 1226 819 1255 16
854 1237 880 1256 c.
898 1229 929 1257 4.

106 1270 161 1299 ubi
172 1271 214 1299 sic
228 1270 320 1299 habet
333 1282 340 1299 z
367 1269 404 1299 In
419 1272 536 1311 legione
549 1273 618 1300 sunt
634 1274 774 1299 centureoe
787 1270 930 1310 sea-agin-

105 1315 152 1350 ta,
182 1313 331 1351 manipuli
356 1315 498 1353 triginta,
528 1313 662 1343 cohortes
691 1314 800 1343 decem.
846 1313 931 1343 Vide

104 1355 206 1385 Alex.
222 1357 261 1384 ab
284 1356 376 1385 l>ilex
397 1357 417 1385 l.
438 1359 464 1386 1.
491 1367 518 1387 c.
535 1359 565 1386 5.

147 1399 199 1429 59.
228 1397 287 1431 Qut
303 1399 379 1428 bona
403 1400 527 1430 donavit
537 1398 744 1438 praesepibus]
789 1397 928 1432 Quidam

105 1442 284 1481 explicant,
312 1443 368 1482 qui
384 1443 568 1473 libidinibus
583 1445 612 1472 δε
627 1443 834 1481 lupanaribus
859 1454 931 1475 suas

104 1484 274 1516 facultates
297 1486 467 1525 impendit.
514 1487 631 1516 Melius
655 1492 764 1515 tamen
779 1484 932 1518 videntur

103 1529 160 1558 alii
175 1528 355 1569 intelligere
369 1539 444 1559 eum
464 1531 520 1569 qui
537 1529 658 1560 alendis
674 1530 766 1568 equis
781 1530 866 1560 bona
883 1531 928 1560 di-

103 1571 266 1610 lapidavit,
295 1574 358 1602 sive
385 1573 438 1602 ille
463 1573 764 1612 fuerit'l'igellinus,
792 1575 849 1612 qui
866 1574 931 1604 Ne-

106 1615 178 1645 roni
199 1616 237 1645 ab
259 1616 380 1646 intimis
404 1616 588 1646 libidinibus
612 1617 707 1645 fuisse
731 1616 877 1654 refertur,
902 1619 931 1647 ἃ

106 1656 372 1689 Praetorianarum
404 1660 585 1689 cohortium
616 1659 796 1688 Praefectus.
841 1660 932 1689 Taci-

107 1706 159 1730 tus
175 1702 357 1731 Annalium
386 1702 429 1731 lib
459 1705 507 1733 14.
543 1704 571 1732 δε
590 1703 704 1742 pariter
726 1703 932 1740 sequentibus

107 1741 222 1773 Libris.
255 1744 336 1773 ltem
354 1745 470 1774 Histor.
494 1748 522 1774 1.
536 1746 603 1774 sive
617 1745 784 1774 Cornelius
798 1745 933 1784 Fuscus,

109 1787 166 1824 qui
183 1787 317 1826 quidem
335 1797 415 1826 puer
437 1788 546 1827 auriga
561 1786 698 1816 Neronis
722 1787 835 1824 fuerat,
860 1798 932 1827 pos-

107 1830 159 1858 tea
173 1831 250 1860 vero
273 1831 333 1859 sub
360 1831 561 1866 Domitiano,
590 1835 627 1859 ut
648 1835 784 1859 testatur
805 1830 933 1860 abunde

107 1871 295 1911 Suetonius,
327 1873 470 1902 Praetorio
487 1881 534 1902 est
549 1874 716 1910 praefectus
732 1882 803 1911 quae
821 1876 934 1903 onmia

107 1914 161 1944 hic
184 1917 403 1946 conveniunt:
441 1917 508 1945 sive
536 1915 767 1954 Damasippus,
805 1915 844 1945 de
868 1927 933 1955 quo

108 1958 174 1988 Sat.
194 1959 226 1996 8,
250 1960 308 1989 &c.

153 2003 248 2034 Caret
273 2004 352 2035 omni
373 2003 518 2042 majorum
540 2003 654 2042 censu]
701 2002 819 2033 Nullus
836 2004 934 2034 habet

108 2057 185 2086 opes
201 2047 219 2077 a
242 2049 414 2087 majoribus
439 2052 598 2086 acceptas,
622 2048 679 2085 qui
703 2047 838 2084 proinde
852 2057 932 2085 pau·

108 2099 197 2128 peres
215 2098 303 2121 erant
321 2092 349 2121 δε
365 2092 498 2121 obscuri.
557 2091 666 2120 Horat.
682 2089 720 2118 ad
737 2089 865 2120 Pisones
878 2102 887 2119 ·.

185 2133 297 2164 Census
312 2137 474 2173 equestrem
489 2143 630 2163 summam
646 2141 836 2163 nummorum.

152 2178 204 2208 60.
248 2178 331 2207 Dum
361 2179 499 2216 pervolat
522 2186 580 2206 axe
603 2177 696 2205 citato
723 2174 933 2216 Flaminiam]

109 2220 195 2251 cum
212 2222 251 2251 ad
275 2220 477 2260 Imperatoris
504 2219 611 2249 villam
635 2219 780 2248 celeriter
802 2228 932 2250 currum

108 2264 192 2304 agit:
219 2265 344 2304 quippe
358 2263 401 2293 ad
411 2264 495 2292 viam
509 2262 702 2292 Flaminiam
715 2261 767 2290 illa
783 2262 841 2291 sita
854 2269 931 2292 erat.

154 2308 204 2338 61.
227 2306 438 2344 Flaminiam]
476 2306 513 2335 C.
532 2305 709 2335 Flaminius
725 2303 859 2343 Consul,
885 2305 932 2337 Μ.

108 2349 226 2390 Lepidi
241 2351 378 2390 collega,
411 2349 567 2388 Ligurum
584 2349 699 2386 victor,
723 2347 807 2376 viam
823 2350 932 2379 stravit

109 2394 148 2422 ab
175 2395 254 2424 urbe
281 2405 336 2434 per
351 2394 528 2424 Thusciam
548 2391 784 2429 Umbriamque
800 2390 839 2420 ad
854 2392 929 2422 Ari-

108 2437 247 2476 minum.
293 2438 407 2468 Strabo
422 2436 476 2466 lib.
495 2438 525 2465 5.

151 2479 235 2510 Puer
249 2479 467 2517 Automedon]
491 2478 631 2510 Currum
647 2476 799 2514 Neronis,
816 2481 852 2506 ut
867 2475 930 2505 dic-

109 2528 180 2552 tum
194 2529 253 2562 est,
277 2525 359 2554 rexit
378 2523 514 2559 fuscus,
528 2529 563 2551 ut
583 2522 716 2550 Achillis
728 2519 929 2556 Automedon,

108 2565 222 2605 Virgil.
240 2566 367 2598 AEneid.
385 2567 415 2596 2.
435 2564 639 2603 Quapropter
655 2564 707 2594 hic
725 2563 856 2602 ponitur
871 2572 931 2602 pro

110 2609 257 2646 quolibet
279 2610 388 2650 auriga
416 2609 525 2639 nobili.
570 2606 666 2640 Quod
691 2606 858 2638 Juvenalis
882 2606 933 2635 in-

109 2651 336 2690 dignabundus
358 2653 435 2683 dicit
459 2653 490 2681 in
508 2650 668 2680 Romanos
683 2649 900 2679 adolescentes
915 2648 932 2678 ὲ

109 2695 212 2732 prima
227 2696 398 2726 nobilitate
413 2707 421 2724 ε
456 2694 513 2733 qui
528 2693 680 2732 exemplo
695 2693 834 2722 Neronis
850 2691 934 2721 auri·

109 2736 205 2776 gandi
232 2738 377 2768 studium
401 2738 614 2768 sectabantur.
661 2738 795 2766 Sueton.
812 2735 933 2765 Neron.

109 2789 179 2818 cap.
195 2781 249 2810 22.
273 2781 425 2811 Juvenal.
445 2781 511 2811 Sat.
529 2780 558 2809 8.

172 2821 244 2860 Ipse
258 2826 354 2853 rotam
367 2824 493 2864 stringit
508 2824 600 2852 multo
614 2821 782 2860 sufflamine
796 2819 915 2850 Consul.

152 2866 204 2896 62.
227 2866 297 2905 Ipse
320 2869 481 2897 lacernatae
503 2876 568 2895 cum
594 2874 625 2894 se
639 2865 780 2903 jactaret
804 2863 933 2902 amicoe.]

108 2909 243 2939 Satirice
266 2909 378 2940 habitu
403 2910 485 2939 virili
512 2909 682 2939 foemiriam
707 2906 868 2943 describit,
884 2906 917 2935 in

109 2954 183 2991 quit
198 2951 305 2982 Vetus
321 2953 521 2983 Scholiastes.
576 2952 623 2981 At
649 2950 748 2988 vulgo
777 2948 933 2988 indigitari

107 3002 239 3034 putatur
252 2995 384 3032 juvenis
397 2996 530 3034 sporus,
553 2994 610 3034 qui
621 2993 744 3024 Neroni
758 3002 816 3031 pro
829 3000 931 3022 uxore

107 3038 181 3080 fuit,
198 3047 275 3070 cum
291 3037 409 3070 dote&
425 3038 577 3069 flammeo
587 3037 758 3075 deductus,
774 3036 802 3065 δι
815 3035 931 3076 Augu-

982 758 1101 782 starum
1121 752 1315 781 ornamentis
1332 750 1496 787 excultus,
1521 749 1654 779 Sueton.
1683 748 1807 779 Neron.

986 804 1056 834 cap.
1072 795 1123 824 28.

1027 836 1233 875 Lucernam]
1263 838 1406 867 Lacerna
1429 836 1521 865 vestis
1550 835 1688 864 exterior
1715 844 1810 873 supra

984 886 1092 920 togam
1110 881 1200 910 indui
1218 881 1323 917 solita,
1346 880 1386 909 ad
1404 878 1658 918 propulsandum
1673 878 1810 908 imbrem

983 925 1010 953 ἃ
1028 924 1135 962 frigus
1180 924 1260 953 Haec
1278 923 1452 953 utebantur
1468 922 1585 951 milites
1609 919 1810 960 potissimum

982 968 1015 996 in
1039 967 1153 996 castris.
1200 967 1281 996 Plin.
1309 966 1364 996 lib.
1383 965 1431 995 18.
1463 974 1532 1003 cap.
1549 965 1603 994 25.
1650 963 1746 993 Ovid.
1777 964 1807 993 2.

987 1009 1163 1040 Fastorum.

1077 1052 1237 1082 Mttenda
1252 1055 1296 1081 est
1311 1051 1430 1081 domino
1449 1049 1548 1091 (nunc
1561 1058 1641 1078 nunc
1650 1052 1824 1087 properate.

1135 1097 1265 1133 puelloe)

1079 1137 1304 1177 Quamprimum
1318 1136 1522 1175 nostrdsacta
1536 1136 1658 1164 lacerna
1672 1144 1772 1164 manu.

982 1180 1110 1214 Quibus
1125 1183 1226 1211 verbis
1242 1181 1390 1211 Lucretia
1406 1181 1553 1209 hortatur
1577 1184 1737 1218 urgetque
1752 1188 1810 1208 an-

981 1225 1080 1262 cillas,
1104 1231 1141 1254 ut
1167 1231 1330 1254 maturent
1354 1231 1530 1254 contexere
1555 1224 1706 1251 lacernam
1732 1219 1811 1250 Tar-

985 1268 1098 1306 quinio
1113 1267 1275 1298 Collatino
1287 1267 1420 1306 conjugi
1431 1275 1491 1296 suo
1506 1265 1647 1295 Ardeam
1663 1264 1811 1294 obsiden—

984 1311 1008 1339 ti
1036 1311 1236 1341 mittendam.
1293 1310 1334 1339 In
1358 1309 1550 1348 spectaculis
1575 1309 1673 1338 etiarn
1687 1306 1812 1337 Zacernd

982 1355 1159 1384 utebantur
1175 1354 1348 1393 praesertim
1362 1352 1505 1382 candida.
1540 1351 1640 1381 Alex.
1657 1350 1696 1380 ab
1708 1350 1809 1380 Alex.

982 1396 1034 1427 lib.
1052 1399 1082 1427 5.
1099 1407 1167 1436 cap.
1186 1398 1241 1427 18.
1266 1396 1403 1426 Martial.
1418 1395 1489 1425 Lib.
1504 1396 1556 1424 14.
1580 1393 1674 1433 Epig.
1693 1394 1768 1423 137.

1053 1439 1332 1479 Amphitheatrales
1345 1448 1397 1468 nos
1407 1437 1645 1468 commendamur
1654 1435 1697 1466 ad
1710 1445 1792 1474 usus,

1055 1482 1130 1513 C'zZm
1145 1484 1224 1524 tegit
1242 1484 1380 1523 algentes
1398 1485 1499 1512 nostra
1515 1481 1636 1510 lacerna
1649 1482 1746 1520 togas.

982 1527 1078 1557 Porro
1104 1531 1233 1557 narrant
1258 1525 1435 1565 quemdam
1463 1524 1598 1554 nomine
1622 1521 1810 1561 Horatium,

984 1579 1059 1599 cum
1076 1570 1162 1599 solus
1177 1569 1368 1609 spectaculis
1384 1570 1550 1598 interesset
1569 1565 1694 1595 lacerna
1716 1565 1810 1595 indu-

983 1619 1035 1643 tus
1051 1614 1152 1652 nigra,
1174 1613 1294 1643 caeteris
1315 1612 1387 1642 alba
1409 1610 1578 1650 coopertis,
1601 1608 1737 1639 cadente
1759 1617 1811 1638 su-

985 1657 1055 1686 bito
1071 1658 1157 1690 nive,
1178 1656 1382 1686 concolorem
1399 1655 1467 1684 aliis
1482 1654 1655 1691 derepente
1670 1651 1806 1682 factum.

986 1698 1082 1728 Unde
1099 1699 1237 1729 Martial.
1251 1699 1321 1729 Lib.
1338 1699 1368 1727 4.
1385 1697 1549 1737 Epigram.
1564 1697 1597 1726 2.

1070 1741 1235 1779 Spectabat
1248 1742 1332 1771 modo
1346 1742 1426 1770 solus
1437 1740 1517 1769 inter
1531 1747 1630 1767 omnes

1068 1784 1177 1823 Nigris
1191 1794 1296 1814 munus
1310 1783 1459 1813 Horatius
1470 1781 1601 1812 lacernis
1612 1790 1626 1815 ,-

1068 1827 1143 1855 Czim
1152 1827 1250 1865 plebs,
1275 1830 1297 1865 ξς
1310 1827 1403 1856 minor
1415 1826 1498 1863 ordo,
1520 1823 1722 1863 maximusque

1067 1868 1179 1898 Sancto
1197 1879 1262 1898 cum
1279 1870 1352 1898 duce
1367 1868 1514 1898 candidus
1529 1867 1658 1903 sederet,

1073 1910 1102 1940 T
1098 1915 1147 1942 oto
1163 1911 1216 1940 nix
1229 1911 1338 1941 cecidit
1353 1911 1475 1949 repente
1490 1911 1574 1947 coelo,

1070 1950 1159 1983 Albis
1173 1958 1291 1992 spectat
1305 1953 1454 1983 Horatius
1468 1952 1606 1982 lacernis.
1623 1978 1625 1980 .

984 1996 1139 2026 Lacernas
1160 1998 1237 2027 vero
1259 1997 1388 2027 honoris
1411 1996 1511 2025 causa
1526 1994 1699 2033 depositas,
1723 1994 1811 2024 testis

984 2041 1118 2070 Sueton.
1135 2040 1224 2080 Aug.
1240 2049 1267 2068 c.
1285 2040 1336 2069 40.
1355 2040 1383 2068 δι
1395 2038 1512 2068 Claud:
1529 2047 1555 2067 c.
1573 2037 1603 2067 6.

1028 2084 1078 2113 63.
1105 2082 1217 2112 Nonne
1232 2082 1305 2117 libet
1320 2081 1428 2119 medio,
1467 2078 1543 2118 Asa]
1567 2080 1684 2110 Passim
1698 2088 1809 2110 occur-

984 2128 1174 2165 rentejustae
1191 2125 1417 2165 indignationis
1433 2125 1461 2153 &
1480 2124 1589 2153 Satirae
1606 2123 1749 2160 materia,
1772 2123 1807 2152 in

983 2170 1095 2208 plateis
1122 2179 1178 2208 per
1205 2169 1318 2199 urbem
1342 2167 1521 2197 ambulanti
1545 2166 1638 2196 mihi.
1688 2163 1752 2203 Vel,
1774 2166 1808 2196 in

984 2213 1052 2251 ipso
1069 2212 1185 2251 populi
1206 2211 1354 2242 tumultu
1369 2210 1493 2248 medio,
1508 2210 1541 2239 in
1557 2208 1740 2248 quadriviis,
1761 2208 1807 2237 fa·

983 2256 1042 2285 cile
1060 2257 1173 2286 Satiras
1185 2256 1334 2292 scribam,
1347 2263 1409 2283 nee
1423 2253 1525 2282 animi
1538 2250 1807 2289 tranquillitatem

983 2300 1010 2328 ἃ
1028 2307 1188 2329 secessum
1204 2298 1343 2336 requiro,
1366 2302 1405 2326 ut
1420 2295 1496 2325 alias
1517 2295 1584 2324 fieri
1607 2294 1702 2331 solet,
1727 2293 1808 2323 adeo

982 2343 1114 2381 copiosa
1128 2351 1218 2381 seges
1234 2346 1294 2379 est,
1319 2341 1347 2369 δι
1368 2341 1457 2377 justa
1472 2337 1647 2376 indignatio
1666 2336 1760 2366 verba
1777 2338 1805 2366 ὃς

986 2395 1091 2415 versus
1105 2385 1308 2415 abundanter
1319 2382 1472 2422 suggerit.

1027 2428 1121 2458 Ceras
1133 2428 1256 2466 implere
1272 2424 1426 2464 capaces.]
1464 2422 1574 2452 Libros
1593 2422 1730 2460 integros
1745 2421 1808 2451 im.

979 2472 1077 2510 plere,
1087 2481 1144 2501 seu
1157 2471 1278 2510 amplas
1293 2468 1414 2498 tabulas
1424 2470 1551 2502 ceratas,
1563 2465 1598 2494 in
1608 2465 1726 2502 quibus
1736 2464 1806 2493 An-

981 2515 1065 2554 tiqui
1088 2515 1279 2551 scribebant,
1305 2517 1342 2540 ut
1363 2510 1458 2539 docet
1475 2507 1664 2545 Priscianus,
1690 2508 1716 2536 &
1741 2507 1808 2537 alii.

981 2557 1034 2587 De
1058 2557 1261 2592 membranis,
1286 2555 1314 2583 <Sc
1340 2556 1459 2593 papyro
1482 2550 1564 2580 Piin.
1588 2549 1642 2579 lib.
1661 2550 1710 2579 13.
1735 2559 1806 2589 cap.

1030 2641 1220 2680 Quadrima]
1243 2640 1349 2669 Locus
1363 2644 1411 2668 est
1426 2636 1572 2677 publicus
1588 2635 1621 2665 in
1633 2642 1733 2675 quem
1746 2635 1805 2664 viae

985 2693 1123 2726 quatuor
1139 2687 1344 2716 concurrent.

1026 2730 1077 2760 64.
1094 2730 1168 2759 Cum
1176 2728 1246 2767 jam
1258 2723 1346 2755 sexta
1362 2720 1635 2759 cerviceseratur.]
1652 2719 1737 2750 Cum
1755 2729 1805 2749 su-

984 2773 1080 2813 perbe
1096 2771 1235 2807 incedat,
1252 2770 1280 2798 δε
1294 2768 1428 2797 vehatur
1444 2765 1645 2804 hexaphoro,
1667 2772 1725 2793 seu
1740 2763 1806 2792 lec-

981 2818 1042 2847 tica
1064 2825 1122 2845 sex
1143 2812 1274 2844 famulis
1296 2811 1415 2850 gestata
1438 2809 1538 2838 homo
1560 2806 1748 2846 flagitiosus,
1777 2806 1805 2834 ἃ

979 2861 1048 2898 jam
1071 2859 1238 2893 delicatus,
1271 2854 1329 2893 qui
1364 2861 1485 2892 pauper
1508 2850 1586 2880 olim
1611 2850 1639 2879 ἅ*
1663 2848 1808 2896 abjectus

983 2909 1057 2932 erat.
1104 2900 1185 2934 Quis
1200 2898 1275 2928 vero
1296 2896 1374 2926 ille?
1413 2896 1467 2925 An
1482 2892 1675 2932 Tigellinus,
1696 2899 1715 2919 a
1739 2898 1807 2928 quo

983 2945 1133 2975 feruntur
1147 2942 1254 2983 patrui
1270 2947 1331 2970 tres
1356 2946 1481 2968 veneno
1497 2935 1627 2972 sublati,
1657 2939 1808 2974 corrupta

983 2989 1114 3018 illorum
1139 2990 1345 3020 testamenta,
1375 2983 1404 3012 ὅτ
1431 2983 1589 3018 occupata
1616 2974 1809 3023 haereditasft‘

983 3031 1038 3063 An
1053 3030 1102 3062 Μ.
1119 3028 1263 3068 Regulus
1274 3024 1432 3066 bipedum
1445 3020 1672 3063 nequissimus,
1697 3024 1735 3050 ut
1747 3018 1811 3051 1²11-
