<?xml version="1.0" encoding="UTF-8"?>
<!DOCTYPE html PUBLIC "-//W3C//DTD XHTML 1.0 Transitional//EN"
    "http://www.w3.org/TR/xhtml1/DTD/xhtml1-transitional.dtd">
<html xmlns="http://www.w3.org/1999/xhtml" xml:lang="en" lang="en">
 <head>
  <title>
</title>
<meta http-equiv="Content-Type" content="text/html;charset=utf-8" />
  <meta name='ocr-system' content='tesseract 3.04.00' />
  <meta name='ocr-capabilities' content='ocr_page ocr_carea ocr_par ocr_line ocrx_word'/>
</head>
<body>
  <div class='ocr_page' id='page_1' title='image "./djuniijuvenalis00juveuoft/djuniijuvenalis00juveuoft_0302.png"; bbox 0 0 1948 3281; ppageno 0'>
   <div class='ocr_carea' id='block_1_1' title="bbox 100 94 184 133">
    <p class='ocr_par' dir='ltr' id='par_1_1' title="bbox 100 94 184 133">
     <span class='ocr_line' id='line_1_1' title="bbox 100 96 134 133; textangle 90"><span class='ocrx_word' id='word_1_1' title='bbox 100 96 134 133; x_wconf 58' lang='lat' dir='ltr'>[xa</span> 
     </span>
     <span class='ocr_line' id='line_1_2' title="bbox 133 94 184 133; textangle 90"><span class='ocrx_word' id='word_1_2' title='bbox 133 94 184 133; x_wconf 49' lang='grc' dir='ltr'>ἱξὲ</span> 
     </span>
    </p>
   </div>
   <div class='ocr_carea' id='block_1_2' title="bbox 613 96 1341 149">
    <p class='ocr_par' dir='ltr' id='par_1_2' title="bbox 613 96 1341 149">
     <span class='ocr_line' id='line_1_3' title="bbox 613 96 1341 149; baseline 0.011 -9"><span class='ocrx_word' id='word_1_3' title='bbox 613 96 952 146; x_wconf 80' lang='lat' dir='ltr'><strong>JUVENALIS</strong></span> <span class='ocrx_word' id='word_1_4' title='bbox 985 99 1208 147; x_wconf 83' lang='lat' dir='ltr'>SATIRA</span> <span class='ocrx_word' id='word_1_5' title='bbox 1235 102 1341 149; x_wconf 83' lang='lat' dir='ltr'>XV.</span> 
     </span>
    </p>
   </div>
   <div class='ocr_carea' id='block_1_3' title="bbox 704 330 1245 401">
    <p class='ocr_par' dir='ltr' id='par_1_3' title="bbox 704 330 1245 401">
     <span class='ocr_line' id='line_1_4' title="bbox 704 330 1245 401; baseline 0.009 -10"><span class='ocrx_word' id='word_1_6' title='bbox 704 330 1038 397; x_wconf 73' lang='lat' dir='ltr'><strong>SATIRA</strong></span> <span class='ocrx_word' id='word_1_7' title='bbox 1085 332 1245 401; x_wconf 90' lang='lat' dir='ltr'>XV.</span> 
     </span>
    </p>
   </div>
   <div class='ocr_carea' id='block_1_4' title="bbox 164 475 549 508">
    <p class='ocr_par' dir='ltr' id='par_1_4' title="bbox 164 475 549 508">
     <span class='ocr_line' id='line_1_5' title="bbox 164 475 549 508; baseline -0.003 -2"><span class='ocrx_word' id='word_1_8' title='bbox 164 475 549 508; x_wconf 68' lang='lat' dir='ltr'><strong>INTERPRETATIO.</strong></span> 
     </span>
    </p>
   </div>
   <div class='ocr_carea' id='block_1_5' title="bbox 626 477 1731 539">
    <p class='ocr_par' dir='ltr' id='par_1_5' title="bbox 626 477 1731 539">
     <span class='ocr_line' id='line_1_6' title="bbox 626 477 1731 539; baseline 0.012 -22"><span class='ocrx_word' id='word_1_9' title='bbox 626 477 772 533; x_wconf 67' lang='lat' dir='ltr'>QUIS</span> <span class='ocrx_word' id='word_1_10' title='bbox 796 480 946 532; x_wconf 81' lang='lat' dir='ltr'>nescit,</span> <span class='ocrx_word' id='word_1_11' title='bbox 970 481 1121 523; x_wconf 86' lang='lat' dir='ltr'>Volusi</span> <span class='ocrx_word' id='word_1_12' title='bbox 1143 481 1382 538; x_wconf 80' lang='lat' dir='ltr'>Bithynice,</span> <span class='ocrx_word' id='word_1_13' title='bbox 1407 483 1542 539; x_wconf 78' lang='lat' dir='ltr'>qualia</span> <span class='ocrx_word' id='word_1_14' title='bbox 1562 484 1731 530; x_wconf 79' lang='lat' dir='ltr'>demens</span> 
     </span>
    </p>
   </div>
   <div class='ocr_carea' id='block_1_6' title="bbox 140 530 1661 593">
    <p class='ocr_par' dir='ltr' id='par_1_6' title="bbox 140 530 1661 593">
     <span class='ocr_line' id='line_1_7' title="bbox 140 530 1661 593; baseline 0.009 -22"><span class='ocrx_word' id='word_1_15' title='bbox 140 530 257 570; x_wconf 59' lang='grc' dir='ltr'>Είηαὶδ</span> <span class='ocrx_word' id='word_1_16' title='bbox 285 534 420 573; x_wconf 56' lang='grc' dir='ltr'>ἱὲθωϊιΐ,</span> <span class='ocrx_word' id='word_1_17' title='bbox 449 534 469 562; x_wconf 69' lang='grc' dir='ltr'><strong>ὁ</strong></span> <span class='ocrx_word' id='word_1_18' title='bbox 514 532 837 590; x_wconf 61' lang='lat' dir='ltr'>V022182‘AE2gyptus</span> <span class='ocrx_word' id='word_1_19' title='bbox 861 549 1050 593; x_wconf 85' lang='lat' dir='ltr'>portenta</span> <span class='ocrx_word' id='word_1_20' title='bbox 1072 540 1209 581; x_wconf 86' lang='lat' dir='ltr'>colat?</span> <span class='ocrx_word' id='word_1_21' title='bbox 1235 536 1500 582; x_wconf 68' lang='lat' dir='ltr'>‘Crocodilon</span> <span class='ocrx_word' id='word_1_22' title='bbox 1524 543 1661 585; x_wconf 80' lang='lat' dir='ltr'>adorat</span> 
     </span>
    </p>
   </div>
   <div class='ocr_carea' id='block_1_7' title="bbox 94 574 615 614">
    <p class='ocr_par' dir='ltr' id='par_1_7' title="bbox 94 574 615 614">
     <span class='ocr_line' id='line_1_8' title="bbox 94 574 615 614; baseline -0.002 -10"><span class='ocrx_word' id='word_1_23' title='bbox 94 574 257 613; x_wconf 69' lang='lat' dir='ltr'>Bithynice</span> <span class='ocrx_word' id='word_1_24' title='bbox 294 586 359 614; x_wconf 66' lang='lat' dir='ltr'>que</span> <span class='ocrx_word' id='word_1_25' title='bbox 376 580 510 604; x_wconf 64' lang='lat' dir='ltr'>monstra</span> <span class='ocrx_word' id='word_1_26' title='bbox 530 585 615 605; x_wconf 62' lang='lat' dir='ltr'>vene-</span> 
     </span>
    </p>
   </div>
   <div class='ocr_carea' id='block_1_8' title="bbox 93 592 1740 707">
    <p class='ocr_par' dir='ltr' id='par_1_8' title="bbox 93 592 1740 707">
     <span class='ocr_line' id='line_1_9' title="bbox 94 592 1740 657; baseline 0.007 -25"><span class='ocrx_word' id='word_1_27' title='bbox 94 621 180 646; x_wconf 47' lang='grc' dir='ltr'>,ρων</span> <span class='ocrx_word' id='word_1_28' title='bbox 203 618 358 657; x_wconf 42' lang='lat' dir='ltr'>AEffyplm</span> <span class='ocrx_word' id='word_1_29' title='bbox 383 620 491 648; x_wconf 59' lang='lat' dir='ltr'>,mna</span> <span class='ocrx_word' id='word_1_30' title='bbox 506 619 520 647; x_wconf 64' lang='lat'>‚2</span> <span class='ocrx_word' id='word_1_31' title='bbox 546 619 616 648; x_wconf 78' lang='lat' dir='ltr'>Ista</span> <span class='ocrx_word' id='word_1_32' title='bbox 630 592 728 633; x_wconf 79' lang='lat' dir='ltr'>Pars</span> <span class='ocrx_word' id='word_1_33' title='bbox 750 594 842 635; x_wconf 83' lang='lat' dir='ltr'>h&#39;aec</span> <span class='ocrx_word' id='word_1_34' title='bbox 861 611 870 636; x_wconf 93' lang='lat'><strong>:</strong></span> <span class='ocrx_word' id='word_1_35' title='bbox 906 596 973 638; x_wconf 90' lang='lat' dir='ltr'>illa</span> <span class='ocrx_word' id='word_1_36' title='bbox 995 609 1111 652; x_wconf 84' lang='lat' dir='ltr'>pavet</span> <span class='ocrx_word' id='word_1_37' title='bbox 1136 609 1315 640; x_wconf 81' lang='lat' dir='ltr'>saturam</span> <span class='ocrx_word' id='word_1_38' title='bbox 1338 599 1592 654; x_wconf 84' lang='lat' dir='ltr'>serpentibus</span> <span class='ocrx_word' id='word_1_39' title='bbox 1615 601 1740 644; x_wconf 75' lang='lat' dir='ltr'>lbim.</span> 
     </span>
     <span class='ocr_line' id='line_1_10' title="bbox 93 654 1189 707; baseline 0.01 -19"><span class='ocrx_word' id='word_1_40' title='bbox 93 660 177 700; x_wconf 65' lang='lat' dir='ltr'>regio</span> <span class='ocrx_word' id='word_1_41' title='bbox 196 654 387 691; x_wconf 60' lang='lat' dir='ltr'>Crdcddilum</span> <span class='ocrx_word' id='word_1_42' title='bbox 403 661 477 691; x_wconf 74' lang='lat' dir='ltr'>colit</span> <span class='ocrx_word' id='word_1_43' title='bbox 488 673 498 690; x_wconf 86' lang='lat'>.·</span> <span class='ocrx_word' id='word_1_44' title='bbox 522 661 588 692; x_wconf 77' lang='lat' dir='ltr'>alta</span> <span class='ocrx_word' id='word_1_45' title='bbox 604 668 756 694; x_wconf 71' lang='lat' dir='ltr'><strong><em>reveretur</em></strong></span> <span class='ocrx_word' id='word_1_46' title='bbox 770 665 841 695; x_wconf 73' lang='lat' dir='ltr'>Ibin</span> <span class='ocrx_word' id='word_1_47' title='bbox 857 668 1012 707; x_wconf 73' lang='lat' dir='ltr'>anguibus</span> <span class='ocrx_word' id='word_1_48' title='bbox 1026 669 1189 699; x_wconf 74' lang='lat' dir='ltr'><em>satiatam.</em></span> 
     </span>
    </p>
   </div>
   <div class='ocr_carea' id='block_1_9' title="bbox 779 754 1156 789">
    <p class='ocr_par' dir='ltr' id='par_1_9' title="bbox 779 754 1156 789">
     <span class='ocr_line' id='line_1_11' title="bbox 779 754 1156 789; baseline 0.013 -5"><span class='ocrx_word' id='word_1_49' title='bbox 779 754 1156 789; x_wconf 64' lang='lat' dir='ltr'><strong>ANNOTATIONES.</strong></span> 
     </span>
    </p>
   </div>
   <div class='ocr_carea' id='block_1_10' title="bbox 78 825 943 3167">
    <p class='ocr_par' dir='ltr' id='par_1_10' title="bbox 91 825 943 1080">
     <span class='ocr_line' id='line_1_12' title="bbox 141 825 928 866; baseline 0.013 -13"><span class='ocrx_word' id='word_1_50' title='bbox 141 827 168 854; x_wconf 92' lang='lat'>1.</span> <span class='ocrx_word' id='word_1_51' title='bbox 197 825 272 857; x_wconf 79' lang='lat' dir='ltr'>Quis</span> <span class='ocrx_word' id='word_1_52' title='bbox 290 827 400 865; x_wconf 72' lang='lat' dir='ltr'>nescit,</span> <span class='ocrx_word' id='word_1_53' title='bbox 424 826 543 866; x_wconf 82' lang='lat' dir='ltr'>Volusi]</span> <span class='ocrx_word' id='word_1_54' title='bbox 577 828 614 858; x_wconf 88' lang='lat' dir='ltr'>In</span> <span class='ocrx_word' id='word_1_55' title='bbox 627 829 740 860; x_wconf 87' lang='lat' dir='ltr'>odium</span> <span class='ocrx_word' id='word_1_56' title='bbox 760 830 839 862; x_wconf 69' lang='lat' dir='ltr'>forte</span> <span class='ocrx_word' id='word_1_57' title='bbox 862 833 928 863; x_wconf 80' lang='lat' dir='ltr'>Cris</span> 
     </span>
     <span class='ocr_line' id='line_1_13' title="bbox 96 867 942 915; baseline 0.013 -20"><span class='ocrx_word' id='word_1_58' title='bbox 96 867 165 905; x_wconf 74' lang='lat' dir='ltr'>pini</span> <span class='ocrx_word' id='word_1_59' title='bbox 181 867 340 908; x_wconf 71' lang='lat' dir='ltr'>AEgyptii,</span> <span class='ocrx_word' id='word_1_60' title='bbox 357 869 397 899; x_wconf 87' lang='lat' dir='ltr'>de</span> <span class='ocrx_word' id='word_1_61' title='bbox 414 880 480 909; x_wconf 93' lang='lat' dir='ltr'>quo</span> <span class='ocrx_word' id='word_1_62' title='bbox 495 873 590 901; x_wconf 80' lang='lat' dir='ltr'>antea</span> <span class='ocrx_word' id='word_1_63' title='bbox 607 882 674 902; x_wconf 91' lang='lat' dir='ltr'>non</span> <span class='ocrx_word' id='word_1_64' title='bbox 690 875 802 912; x_wconf 86' lang='lat' dir='ltr'>semel,</span> <span class='ocrx_word' id='word_1_65' title='bbox 820 877 942 915; x_wconf 74' lang='lat' dir='ltr'>scripsit</span> 
     </span>
     <span class='ocr_line' id='line_1_14' title="bbox 93 909 941 958; baseline 0.012 -20"><span class='ocrx_word' id='word_1_66' title='bbox 93 909 264 958; x_wconf 58' lang='lat' dir='ltr'>„luvenahs</span> <span class='ocrx_word' id='word_1_67' title='bbox 277 912 360 942; x_wconf 86' lang='lat' dir='ltr'>hanc</span> <span class='ocrx_word' id='word_1_68' title='bbox 373 913 521 952; x_wconf 65' lang='lat' dir='ltr'>Sauram,</span> <span class='ocrx_word' id='word_1_69' title='bbox 532 915 566 944; x_wconf 89' lang='lat' dir='ltr'>in</span> <span class='ocrx_word' id='word_1_70' title='bbox 575 926 640 954; x_wconf 83' lang='lat' dir='ltr'>qua</span> <span class='ocrx_word' id='word_1_71' title='bbox 651 916 798 947; x_wconf 81' lang='lat' dir='ltr'>ridiculas</span> <span class='ocrx_word' id='word_1_72' title='bbox 810 918 941 958; x_wconf 83' lang='lat' dir='ltr'>AEgyp-</span> 
     </span>
     <span class='ocr_line' id='line_1_15' title="bbox 95 958 940 998; baseline 0.012 -16"><span class='ocrx_word' id='word_1_73' title='bbox 95 960 215 983; x_wconf 79' lang='lat' dir='ltr'>tiorum</span> <span class='ocrx_word' id='word_1_74' title='bbox 232 958 477 994; x_wconf 82' lang='lat' dir='ltr'>superstitiones</span> <span class='ocrx_word' id='word_1_75' title='bbox 494 958 668 989; x_wconf 81' lang='lat' dir='ltr'>insectatur</span> <span class='ocrx_word' id='word_1_76' title='bbox 692 961 807 998; x_wconf 65' lang='lat' dir='ltr'>pariter</span> <span class='ocrx_word' id='word_1_77' title='bbox 823 963 850 990; x_wconf 70' lang='lat' dir='ltr'>Sc</span> <span class='ocrx_word' id='word_1_78' title='bbox 867 972 940 992; x_wconf 88' lang='lat' dir='ltr'>cru-</span> 
     </span>
     <span class='ocr_line' id='line_1_16' title="bbox 93 996 943 1041; baseline 0.013 -16"><span class='ocrx_word' id='word_1_79' title='bbox 93 996 284 1037; x_wconf 78' lang='lat' dir='ltr'>delitatem3</span> <span class='ocrx_word' id='word_1_80' title='bbox 322 1007 359 1029; x_wconf 89' lang='lat' dir='ltr'>nt</span> <span class='ocrx_word' id='word_1_81' title='bbox 394 1002 451 1039; x_wconf 87' lang='lat' dir='ltr'>qui</span> <span class='ocrx_word' id='word_1_82' title='bbox 490 1002 583 1031; x_wconf 84' lang='lat' dir='ltr'>bruta</span> <span class='ocrx_word' id='word_1_83' title='bbox 620 1004 740 1041; x_wconf 80' lang='lat' dir='ltr'>colant,</span> <span class='ocrx_word' id='word_1_84' title='bbox 772 1004 943 1036; x_wconf 84' lang='lat' dir='ltr'>hominem</span> 
     </span>
     <span class='ocr_line' id='line_1_17' title="bbox 91 1043 694 1080; baseline 0.012 -12"><span class='ocrx_word' id='word_1_85' title='bbox 91 1046 205 1070; x_wconf 83' lang='lat' dir='ltr'>autem</span> <span class='ocrx_word' id='word_1_86' title='bbox 223 1043 357 1080; x_wconf 87' lang='lat' dir='ltr'>quidam</span> <span class='ocrx_word' id='word_1_87' title='bbox 374 1053 486 1074; x_wconf 87' lang='lat' dir='ltr'>eorum</span> <span class='ocrx_word' id='word_1_88' title='bbox 503 1044 694 1075; x_wconf 69' lang='lat' dir='ltr'>devorarint.</span> 
     </span>
    </p>

    <p class='ocr_par' dir='ltr' id='par_1_11' title="bbox 91 1081 943 1201">
     <span class='ocr_line' id='line_1_18' title="bbox 134 1081 943 1130; baseline 0.012 -18"><span class='ocrx_word' id='word_1_89' title='bbox 134 1081 316 1124; x_wconf 75' lang='lat' dir='ltr'>Bithynice]</span> <span class='ocrx_word' id='word_1_90' title='bbox 360 1087 387 1117; x_wconf 88' lang='lat' dir='ltr'>E</span> <span class='ocrx_word' id='word_1_91' title='bbox 418 1088 572 1127; x_wconf 84' lang='lat' dir='ltr'>Bythinia</span> <span class='ocrx_word' id='word_1_92' title='bbox 600 1090 755 1119; x_wconf 82' lang='lat' dir='ltr'>oriunde:</span> <span class='ocrx_word' id='word_1_93' title='bbox 791 1101 864 1130; x_wconf 72' lang='lat' dir='ltr'>quae</span> <span class='ocrx_word' id='word_1_94' title='bbox 895 1099 943 1123; x_wconf 85' lang='lat' dir='ltr'>est</span> 
     </span>
     <span class='ocr_line' id='line_1_19' title="bbox 91 1126 943 1175; baseline 0.014 -21"><span class='ocrx_word' id='word_1_95' title='bbox 91 1126 179 1175; x_wconf 75' lang='lat' dir='ltr'>Asiae</span> <span class='ocrx_word' id='word_1_96' title='bbox 195 1129 328 1158; x_wconf 61' lang='lat' dir='ltr'>minoris</span> <span class='ocrx_word' id='word_1_97' title='bbox 343 1131 441 1171; x_wconf 84' lang='lat' dir='ltr'>regio,</span> <span class='ocrx_word' id='word_1_98' title='bbox 458 1131 592 1161; x_wconf 82' lang='lat' dir='ltr'><strong>Euxino</strong></span> <span class='ocrx_word' id='word_1_99' title='bbox 610 1134 689 1162; x_wconf 84' lang='lat' dir='ltr'>mari</span> <span class='ocrx_word' id='word_1_100' title='bbox 706 1136 733 1163; x_wconf 83' lang='lat'>&amp;</span> <span class='ocrx_word' id='word_1_101' title='bbox 752 1134 943 1173; x_wconf 78' lang='lat' dir='ltr'>Propontidi</span> 
     </span>
     <span class='ocr_line' id='line_1_20' title="bbox 93 1179 208 1201; baseline 0 -3"><span class='ocrx_word' id='word_1_102' title='bbox 93 1179 208 1201; x_wconf 73' lang='lat' dir='ltr'>vxcma.</span> 
     </span>
    </p>

    <p class='ocr_par' dir='ltr' id='par_1_12' title="bbox 88 1215 940 1561">
     <span class='ocr_line' id='line_1_21' title="bbox 134 1215 940 1260; baseline 0.012 -18"><span class='ocrx_word' id='word_1_103' title='bbox 134 1215 165 1243; x_wconf 76' lang='lat'>2.</span> <span class='ocrx_word' id='word_1_104' title='bbox 190 1215 362 1256; x_wconf 71' lang='lat' dir='ltr'>AEgyptus]</span> <span class='ocrx_word' id='word_1_105' title='bbox 400 1219 517 1248; x_wconf 80' lang='lat' dir='ltr'>Africze</span> <span class='ocrx_word' id='word_1_106' title='bbox 555 1220 643 1259; x_wconf 83' lang='lat' dir='ltr'>regio</span> <span class='ocrx_word' id='word_1_107' title='bbox 678 1221 940 1260; x_wconf 78' lang='lat' dir='ltr'>celebratissima,</span> 
     </span>
     <span class='ocr_line' id='line_1_22' title="bbox 90 1255 939 1303; baseline 0.011 -17"><span class='ocrx_word' id='word_1_108' title='bbox 90 1255 201 1287; x_wconf 80' lang='lat' dir='ltr'>Rubro</span> <span class='ocrx_word' id='word_1_109' title='bbox 220 1262 297 1289; x_wconf 88' lang='lat' dir='ltr'>mari</span> <span class='ocrx_word' id='word_1_110' title='bbox 318 1263 464 1299; x_wconf 73' lang='lat' dir='ltr'>proxima</span> <span class='ocrx_word' id='word_1_111' title='bbox 479 1263 584 1292; x_wconf 78' lang='lat' dir='ltr'>versus</span> <span class='ocrx_word' id='word_1_112' title='bbox 602 1263 789 1303; x_wconf 67' lang='lat' dir='ltr'>Orientem,</span> <span class='ocrx_word' id='word_1_113' title='bbox 815 1266 854 1294; x_wconf 86' lang='lat' dir='ltr'>ab</span> <span class='ocrx_word' id='word_1_114' title='bbox 872 1266 939 1296; x_wconf 90' lang='lat' dir='ltr'>Oc-</span> 
     </span>
     <span class='ocr_line' id='line_1_23' title="bbox 91 1300 940 1346; baseline 0.012 -18"><span class='ocrx_word' id='word_1_115' title='bbox 91 1300 219 1331; x_wconf 83' lang='lat' dir='ltr'>cidente</span> <span class='ocrx_word' id='word_1_116' title='bbox 234 1303 374 1335; x_wconf 84' lang='lat' dir='ltr'>Barcana</span> <span class='ocrx_word' id='word_1_117' title='bbox 387 1306 511 1335; x_wconf 82' lang='lat' dir='ltr'>deserta</span> <span class='ocrx_word' id='word_1_118' title='bbox 522 1307 694 1346; x_wconf 78' lang='lat' dir='ltr'>contingit,</span> <span class='ocrx_word' id='word_1_119' title='bbox 710 1308 727 1336; x_wconf 75' lang='grc' dir='ltr'>ὲ</span> <span class='ocrx_word' id='word_1_120' title='bbox 740 1308 940 1346; x_wconf 71' lang='lat' dir='ltr'>Septentrio-</span> 
     </span>
     <span class='ocr_line' id='line_1_24' title="bbox 88 1346 939 1391; baseline 0.013 -19"><span class='ocrx_word' id='word_1_121' title='bbox 88 1353 132 1372; x_wconf 81' lang='lat' dir='ltr'>ne</span> <span class='ocrx_word' id='word_1_122' title='bbox 150 1354 236 1375; x_wconf 87' lang='lat' dir='ltr'>mare</span> <span class='ocrx_word' id='word_1_123' title='bbox 251 1346 543 1387; x_wconf 72' lang='lat' dir='ltr'>Mediterraneum,</span> <span class='ocrx_word' id='word_1_124' title='bbox 573 1350 588 1378; x_wconf 78' lang='lat' dir='ltr'>a</span> <span class='ocrx_word' id='word_1_125' title='bbox 616 1350 750 1379; x_wconf 69' lang='lat' dir='ltr'>Meridie</span> <span class='ocrx_word' id='word_1_126' title='bbox 773 1351 939 1391; x_wconf 77' lang='lat' dir='ltr'>AErhiopi-</span> 
     </span>
     <span class='ocr_line' id='line_1_25' title="bbox 89 1388 938 1426; baseline 0.012 -11"><span class='ocrx_word' id='word_1_127' title='bbox 89 1395 154 1417; x_wconf 87' lang='lat' dir='ltr'>am.</span> <span class='ocrx_word' id='word_1_128' title='bbox 201 1388 339 1421; x_wconf 89' lang='lat' dir='ltr'>Urbium</span> <span class='ocrx_word' id='word_1_129' title='bbox 363 1393 441 1422; x_wconf 88' lang='lat' dir='ltr'>olim</span> <span class='ocrx_word' id='word_1_130' title='bbox 465 1393 582 1422; x_wconf 86' lang='lat' dir='ltr'>dicitur</span> <span class='ocrx_word' id='word_1_131' title='bbox 605 1393 756 1423; x_wconf 74' lang='lat' dir='ltr'>habui&gt;se</span> <span class='ocrx_word' id='word_1_132' title='bbox 773 1396 872 1424; x_wconf 76' lang='lat' dir='ltr'>nullia</span> <span class='ocrx_word' id='word_1_133' title='bbox 892 1397 938 1426; x_wconf 80' lang='lat' dir='ltr'>vi-</span> 
     </span>
     <span class='ocr_line' id='line_1_26' title="bbox 89 1431 938 1475; baseline 0.012 -16"><span class='ocrx_word' id='word_1_134' title='bbox 89 1431 185 1469; x_wconf 86' lang='lat' dir='ltr'>ginti:</span> <span class='ocrx_word' id='word_1_135' title='bbox 209 1443 290 1471; x_wconf 89' lang='lat' dir='ltr'>quas</span> <span class='ocrx_word' id='word_1_136' title='bbox 317 1435 400 1465; x_wconf 88' lang='lat' dir='ltr'>inter</span> <span class='ocrx_word' id='word_1_137' title='bbox 428 1437 558 1466; x_wconf 63' lang='lat' dir='ltr'>famose</span> <span class='ocrx_word' id='word_1_138' title='bbox 589 1437 767 1475; x_wconf 51' lang='lat' dir='ltr'>Memphis,</span> <span class='ocrx_word' id='word_1_139' title='bbox 796 1439 938 1468; x_wconf 74' lang='lat' dir='ltr'>Alexan-</span> 
     </span>
     <span class='ocr_line' id='line_1_27' title="bbox 89 1474 939 1521; baseline 0.012 -19"><span class='ocrx_word' id='word_1_140' title='bbox 89 1474 167 1510; x_wconf 81' lang='lat' dir='ltr'>dria,</span> <span class='ocrx_word' id='word_1_141' title='bbox 185 1476 367 1517; x_wconf 85' lang='lat' dir='ltr'>Pelusium,</span> <span class='ocrx_word' id='word_1_142' title='bbox 388 1480 549 1519; x_wconf 72' lang='lat' dir='ltr'>Babylon,</span> <span class='ocrx_word' id='word_1_143' title='bbox 575 1489 670 1518; x_wconf 87' lang='lat' dir='ltr'>nova,</span> <span class='ocrx_word' id='word_1_144' title='bbox 687 1481 796 1520; x_wconf 89' lang='lat' dir='ltr'>hodie,</span> <span class='ocrx_word' id='word_1_145' title='bbox 816 1482 939 1521; x_wconf 72' lang='lat' dir='ltr'>Cuirus,</span> 
     </span>
     <span class='ocr_line' id='line_1_28' title="bbox 88 1516 437 1561; baseline 0.014 -15"><span class='ocrx_word' id='word_1_146' title='bbox 88 1516 225 1557; x_wconf 60' lang='lat' dir='ltr'>Thebe,</span> <span class='ocrx_word' id='word_1_147' title='bbox 244 1521 362 1561; x_wconf 81' lang='lat' dir='ltr'>Syene,</span> <span class='ocrx_word' id='word_1_148' title='bbox 379 1524 437 1553; x_wconf 70' lang='lat' dir='ltr'>&amp;e</span> 
     </span>
    </p>

    <p class='ocr_par' dir='ltr' id='par_1_13' title="bbox 86 1560 940 1781">
     <span class='ocr_line' id='line_1_29' title="bbox 137 1560 938 1607; baseline 0.011 -17"><span class='ocrx_word' id='word_1_149' title='bbox 137 1560 251 1594; x_wconf 77' lang='lat' dir='ltr'>Qualia</span> <span class='ocrx_word' id='word_1_150' title='bbox 264 1570 408 1603; x_wconf 75' lang='lat' dir='ltr'>portenta</span> <span class='ocrx_word' id='word_1_151' title='bbox 422 1564 521 1607; x_wconf 80' lang='lat' dir='ltr'>colat]</span> <span class='ocrx_word' id='word_1_152' title='bbox 544 1566 645 1596; x_wconf 84' lang='lat' dir='ltr'>Velut</span> <span class='ocrx_word' id='word_1_153' title='bbox 662 1565 816 1597; x_wconf 80' lang='lat' dir='ltr'>Numina.</span> <span class='ocrx_word' id='word_1_154' title='bbox 856 1569 938 1602; x_wconf 77' lang='lat' dir='ltr'>Quae</span> 
     </span>
     <span class='ocr_line' id='line_1_30' title="bbox 88 1610 939 1645; baseline 0.009 -11"><span class='ocrx_word' id='word_1_155' title='bbox 88 1613 177 1642; x_wconf 69' lang='lat' dir='ltr'>vere,</span> <span class='ocrx_word' id='word_1_156' title='bbox 194 1613 286 1645; x_wconf 73' lang='lat' dir='ltr'>quot,</span> <span class='ocrx_word' id='word_1_157' title='bbox 303 1610 329 1637; x_wconf 36' lang='lat' dir='ltr'>„iv</span> <span class='ocrx_word' id='word_1_158' title='bbox 350 1619 407 1638; x_wconf 88' lang='lat' dir='ltr'>cur</span> <span class='ocrx_word' id='word_1_159' title='bbox 422 1618 565 1640; x_wconf 73' lang='lat' dir='ltr'>enarrant</span> <span class='ocrx_word' id='word_1_160' title='bbox 585 1610 697 1640; x_wconf 73' lang='lat' dir='ltr'>Strabo</span> <span class='ocrx_word' id='word_1_161' title='bbox 710 1611 751 1640; x_wconf 89' lang='lat' dir='ltr'>lib</span> <span class='ocrx_word' id='word_1_162' title='bbox 786 1612 834 1641; x_wconf 79' lang='lat'>17.</span> <span class='ocrx_word' id='word_1_163' title='bbox 880 1614 939 1642; x_wconf 83' lang='lat' dir='ltr'>Di·</span> 
     </span>
     <span class='ocr_line' id='line_1_31' title="bbox 88 1648 939 1691; baseline 0.013 -15"><span class='ocrx_word' id='word_1_164' title='bbox 88 1648 174 1678; x_wconf 88' lang='lat' dir='ltr'>odor.</span> <span class='ocrx_word' id='word_1_165' title='bbox 195 1651 295 1681; x_wconf 87' lang='lat' dir='ltr'>Sicul.</span> <span class='ocrx_word' id='word_1_166' title='bbox 319 1651 372 1681; x_wconf 86' lang='lat' dir='ltr'>lib.</span> <span class='ocrx_word' id='word_1_167' title='bbox 389 1654 419 1682; x_wconf 69' lang='lat'>2.</span> <span class='ocrx_word' id='word_1_168' title='bbox 435 1663 504 1691; x_wconf 84' lang='lat' dir='ltr'>cap.</span> <span class='ocrx_word' id='word_1_169' title='bbox 518 1658 546 1682; x_wconf 84' lang='lat'>4.</span> <span class='ocrx_word' id='word_1_170' title='bbox 573 1653 726 1683; x_wconf 84' lang='lat' dir='ltr'>Herodot.</span> <span class='ocrx_word' id='word_1_171' title='bbox 759 1654 811 1683; x_wconf 84' lang='lat' dir='ltr'>lib.</span> <span class='ocrx_word' id='word_1_172' title='bbox 828 1656 859 1684; x_wconf 28' lang='lat'>2*</span> <span class='ocrx_word' id='word_1_173' title='bbox 879 1657 939 1687; x_wconf 74' lang='lat' dir='ltr'>&amp;c-</span> 
     </span>
     <span class='ocr_line' id='line_1_32' title="bbox 87 1690 940 1739; baseline 0.011 -19"><span class='ocrx_word' id='word_1_174' title='bbox 87 1690 154 1721; x_wconf 85' lang='lat' dir='ltr'>Cic.</span> <span class='ocrx_word' id='word_1_175' title='bbox 173 1693 213 1722; x_wconf 84' lang='lat' dir='ltr'>de</span> <span class='ocrx_word' id='word_1_176' title='bbox 228 1694 307 1724; x_wconf 82' lang='lat' dir='ltr'>Nat.</span> <span class='ocrx_word' id='word_1_177' title='bbox 326 1695 423 1725; x_wconf 87' lang='lat' dir='ltr'>Deor.</span> <span class='ocrx_word' id='word_1_178' title='bbox 442 1697 472 1725; x_wconf 71' lang='lat'>13.</span> <span class='ocrx_word' id='word_1_179' title='bbox 487 1707 518 1725; x_wconf 87' lang='lat'>11.</span> <span class='ocrx_word' id='word_1_180' title='bbox 538 1697 589 1727; x_wconf 67' lang='lat'>239.</span> <span class='ocrx_word' id='word_1_181' title='bbox 642 1696 737 1726; x_wconf 79' lang='lat' dir='ltr'>Omne</span> <span class='ocrx_word' id='word_1_182' title='bbox 751 1697 827 1734; x_wconf 66' lang='lat' dir='ltr'>fere*</span> <span class='ocrx_word' id='word_1_183' title='bbox 839 1708 940 1739; x_wconf 67' lang='lat' dir='ltr'>genus</span> 
     </span>
     <span class='ocr_line' id='line_1_33' title="bbox 86 1734 787 1781; baseline 0.01 -18"><span class='ocrx_word' id='word_1_184' title='bbox 86 1734 249 1766; x_wconf 82' lang='lat' dir='ltr'>bestiarum</span> <span class='ocrx_word' id='word_1_185' title='bbox 267 1738 483 1769; x_wconf 64' lang='lat' dir='ltr'>consecrarunt</span> <span class='ocrx_word' id='word_1_186' title='bbox 498 1739 656 1781; x_wconf 76' lang='lat' dir='ltr'>AEgyptic&#39;,</span> <span class='ocrx_word' id='word_1_187' title='bbox 670 1741 787 1780; x_wconf 65' lang='lat' dir='ltr'>inquit.</span> 
     </span>
    </p>

    <p class='ocr_par' dir='ltr' id='par_1_14' title="bbox 78 1778 940 3167">
     <span class='ocr_line' id='line_1_34' title="bbox 131 1778 939 1825; baseline 0.011 -18"><span class='ocrx_word' id='word_1_188' title='bbox 131 1778 328 1820; x_wconf 76' lang='lat' dir='ltr'>Crocodilon]</span> <span class='ocrx_word' id='word_1_189' title='bbox 353 1783 578 1813; x_wconf 75' lang='lat' dir='ltr'>portentosum</span> <span class='ocrx_word' id='word_1_190' title='bbox 596 1784 680 1813; x_wconf 76' lang='lat' dir='ltr'>certe</span> <span class='ocrx_word' id='word_1_191' title='bbox 694 1785 826 1822; x_wconf 81' lang='lat' dir='ltr'>animal,</span> <span class='ocrx_word' id='word_1_192' title='bbox 851 1789 939 1825; x_wconf 89' lang='lat' dir='ltr'>quod</span> 
     </span>
     <span class='ocr_line' id='line_1_35' title="bbox 87 1826 937 1866; baseline 0.008 -14"><span class='ocrx_word' id='word_1_193' title='bbox 87 1830 131 1850; x_wconf 70' lang='lat' dir='ltr'>ex</span> <span class='ocrx_word' id='word_1_194' title='bbox 158 1833 231 1861; x_wconf 72' lang='lat' dir='ltr'>ovo,</span> <span class='ocrx_word' id='word_1_195' title='bbox 254 1826 403 1855; x_wconf 85' lang='lat' dir='ltr'>anserino</span> <span class='ocrx_word' id='word_1_196' title='bbox 426 1827 523 1856; x_wconf 87' lang='lat' dir='ltr'>simili</span> <span class='ocrx_word' id='word_1_197' title='bbox 548 1836 694 1866; x_wconf 73' lang='lat' dir='ltr'>nascenS,</span> <span class='ocrx_word' id='word_1_198' title='bbox 720 1829 754 1858; x_wconf 90' lang='lat' dir='ltr'>in</span> <span class='ocrx_word' id='word_1_199' title='bbox 779 1838 849 1858; x_wconf 86' lang='lat' dir='ltr'>eam</span> <span class='ocrx_word' id='word_1_200' title='bbox 881 1840 937 1860; x_wconf 75' lang='lat' dir='ltr'>ex-</span> 
     </span>
     <span class='ocr_line' id='line_1_36' title="bbox 87 1868 936 1910; baseline 0.011 -16"><span class='ocrx_word' id='word_1_201' title='bbox 87 1868 197 1896; x_wconf 85' lang='lat' dir='ltr'>crescit</span> <span class='ocrx_word' id='word_1_202' title='bbox 210 1869 485 1908; x_wconf 80' lang='lat' dir='ltr'>magnitudinem,</span> <span class='ocrx_word' id='word_1_203' title='bbox 502 1877 540 1900; x_wconf 91' lang='lat' dir='ltr'>ut</span> <span class='ocrx_word' id='word_1_204' title='bbox 555 1871 683 1900; x_wconf 87' lang='lat' dir='ltr'>cubitos</span> <span class='ocrx_word' id='word_1_205' title='bbox 695 1872 874 1910; x_wconf 83' lang='lat' dir='ltr'>aliquando</span> <span class='ocrx_word' id='word_1_206' title='bbox 892 1875 936 1903; x_wconf 84' lang='lat' dir='ltr'>vi-</span> 
     </span>
     <span class='ocr_line' id='line_1_37' title="bbox 85 1908 938 1955; baseline 0.012 -18"><span class='ocrx_word' id='word_1_207' title='bbox 85 1908 168 1945; x_wconf 86' lang='lat' dir='ltr'>ginti</span> <span class='ocrx_word' id='word_1_208' title='bbox 184 1919 292 1949; x_wconf 69' lang='lat' dir='ltr'>aequet</span> <span class='ocrx_word' id='word_1_209' title='bbox 308 1913 526 1953; x_wconf 81' lang='lat' dir='ltr'>longitudine,</span> <span class='ocrx_word' id='word_1_210' title='bbox 553 1914 717 1944; x_wconf 87' lang='lat' dir='ltr'>interdum</span> <span class='ocrx_word' id='word_1_211' title='bbox 745 1917 771 1945; x_wconf 55' lang='grc' dir='ltr'>ὅ(</span> <span class='ocrx_word' id='word_1_212' title='bbox 798 1924 938 1955; x_wconf 75' lang='lat' dir='ltr'>superet.</span> 
     </span>
     <span class='ocr_line' id='line_1_38' title="bbox 87 1949 937 1998; baseline 0.006 -14"><span class='ocrx_word' id='word_1_213' title='bbox 87 1949 280 1994; x_wconf 79' lang='lat' dir='ltr'>Quadrupes</span> <span class='ocrx_word' id='word_1_214' title='bbox 296 1962 354 1994; x_wconf 87' lang='lat' dir='ltr'>est,</span> <span class='ocrx_word' id='word_1_215' title='bbox 381 1958 490 1996; x_wconf 89' lang='lat' dir='ltr'>specie</span> <span class='ocrx_word' id='word_1_216' title='bbox 504 1958 642 1995; x_wconf 80' lang='lat' dir='ltr'>lacertae,</span> <span class='ocrx_word' id='word_1_217' title='bbox 666 1958 699 1986; x_wconf 88' lang='lat' dir='ltr'>in</span> <span class='ocrx_word' id='word_1_218' title='bbox 722 1964 802 1988; x_wconf 78' lang='lat' dir='ltr'>terra</span> <span class='ocrx_word' id='word_1_219' title='bbox 819 1961 937 1998; x_wconf 87' lang='lat' dir='ltr'>pariter</span> 
     </span>
     <span class='ocr_line' id='line_1_39' title="bbox 88 1995 940 2042; baseline 0.011 -18"><span class='ocrx_word' id='word_1_220' title='bbox 88 1995 116 2024; x_wconf 72' lang='grc' dir='ltr'>ἃ</span> <span class='ocrx_word' id='word_1_221' title='bbox 132 1996 164 2025; x_wconf 89' lang='lat' dir='ltr'>in</span> <span class='ocrx_word' id='word_1_222' title='bbox 180 2007 266 2037; x_wconf 85' lang='lat' dir='ltr'>aqua</span> <span class='ocrx_word' id='word_1_223' title='bbox 279 1999 408 2039; x_wconf 83' lang='lat' dir='ltr'>degens.</span> <span class='ocrx_word' id='word_1_224' title='bbox 456 2001 507 2031; x_wconf 80' lang='lat' dir='ltr'>Ad</span> <span class='ocrx_word' id='word_1_225' title='bbox 520 2011 623 2031; x_wconf 85' lang='lat' dir='ltr'>annos</span> <span class='ocrx_word' id='word_1_226' title='bbox 636 2003 804 2041; x_wconf 78' lang='lat' dir='ltr'>sexaginta</span> <span class='ocrx_word' id='word_1_227' title='bbox 820 2004 940 2042; x_wconf 82' lang='lat' dir='ltr'>vivere,</span> 
     </span>
     <span class='ocr_line' id='line_1_40' title="bbox 87 2045 937 2084; baseline 0.012 -17"><span class='ocrx_word' id='word_1_228' title='bbox 87 2047 216 2078; x_wconf 64' lang='lat' dir='ltr'>semper</span> <span class='ocrx_word' id='word_1_229' title='bbox 245 2051 395 2081; x_wconf 84' lang='lat' dir='ltr'>crescere,</span> <span class='ocrx_word' id='word_1_230' title='bbox 422 2045 542 2084; x_wconf 86' lang='lat' dir='ltr'>hyeme</span> <span class='ocrx_word' id='word_1_231' title='bbox 569 2045 677 2080; x_wconf 76' lang='lat' dir='ltr'>latere,</span> <span class='ocrx_word' id='word_1_232' title='bbox 705 2055 741 2074; x_wconf 82' lang='lat' dir='ltr'>ac</span> <span class='ocrx_word' id='word_1_233' title='bbox 772 2046 841 2075; x_wconf 85' lang='lat' dir='ltr'>siue</span> <span class='ocrx_word' id='word_1_234' title='bbox 865 2046 937 2077; x_wconf 90' lang='lat' dir='ltr'>cibo</span> 
     </span>
     <span class='ocr_line' id='line_1_41' title="bbox 86 2083 936 2120; baseline 0.011 -9"><span class='ocrx_word' id='word_1_235' title='bbox 86 2083 198 2120; x_wconf 87' lang='lat' dir='ltr'>plures</span> <span class='ocrx_word' id='word_1_236' title='bbox 215 2095 342 2115; x_wconf 83' lang='lat' dir='ltr'>menses</span> <span class='ocrx_word' id='word_1_237' title='bbox 365 2087 479 2117; x_wconf 84' lang='lat' dir='ltr'>durare</span> <span class='ocrx_word' id='word_1_238' title='bbox 502 2087 610 2118; x_wconf 86' lang='lat' dir='ltr'>fertur.</span> <span class='ocrx_word' id='word_1_239' title='bbox 656 2088 709 2118; x_wconf 86' lang='lat' dir='ltr'>Ad</span> <span class='ocrx_word' id='word_1_240' title='bbox 738 2088 851 2119; x_wconf 89' lang='lat' dir='ltr'>Nilum</span> <span class='ocrx_word' id='word_1_241' title='bbox 875 2090 936 2120; x_wconf 86' lang='lat' dir='ltr'>fre-</span> 
     </span>
     <span class='ocr_line' id='line_1_42' title="bbox 88 2131 936 2171; baseline 0.011 -17"><span class='ocrx_word' id='word_1_242' title='bbox 88 2134 205 2165; x_wconf 80' lang='lat' dir='ltr'>quenS,</span> <span class='ocrx_word' id='word_1_243' title='bbox 235 2138 271 2158; x_wconf 86' lang='lat' dir='ltr'>ac</span> <span class='ocrx_word' id='word_1_244' title='bbox 302 2132 471 2169; x_wconf 64' lang='lat' dir='ltr'>praecipuae</span> <span class='ocrx_word' id='word_1_245' title='bbox 507 2131 739 2170; x_wconf 83' lang='lat' dir='ltr'>magnitudinis</span> <span class='ocrx_word' id='word_1_246' title='bbox 774 2136 823 2161; x_wconf 86' lang='lat' dir='ltr'>est</span> <span class='ocrx_word' id='word_1_247' title='bbox 849 2134 936 2171; x_wconf 86' lang='lat' dir='ltr'>apud</span> 
     </span>
     <span class='ocr_line' id='line_1_43' title="bbox 88 2169 935 2210; baseline 0.009 -12"><span class='ocrx_word' id='word_1_248' title='bbox 88 2169 237 2210; x_wconf 78' lang='lat' dir='ltr'>Gangem</span> <span class='ocrx_word' id='word_1_249' title='bbox 257 2172 352 2203; x_wconf 63' lang='lat' dir='ltr'>Indiae</span> <span class='ocrx_word' id='word_1_250' title='bbox 371 2173 508 2204; x_wconf 69' lang='lat' dir='ltr'>fluvium</span> <span class='ocrx_word' id='word_1_251' title='bbox 525 2186 530 2202; x_wconf 91' lang='lat'>:</span> <span class='ocrx_word' id='word_1_252' title='bbox 559 2177 716 2204; x_wconf 67' lang='lat' dir='ltr'>Auctore&lt;</span> <span class='ocrx_word' id='word_1_253' title='bbox 741 2182 817 2204; x_wconf 85' lang='lat' dir='ltr'>sunt</span> <span class='ocrx_word' id='word_1_254' title='bbox 833 2174 935 2206; x_wconf 80' lang='lat' dir='ltr'>AElia-</span> 
     </span>
     <span class='ocr_line' id='line_1_44' title="bbox 87 2214 931 2256; baseline 0.009 -15"><span class='ocrx_word' id='word_1_255' title='bbox 87 2221 151 2242; x_wconf 86' lang='lat' dir='ltr'>nus</span> <span class='ocrx_word' id='word_1_256' title='bbox 168 2214 290 2245; x_wconf 87' lang='lat' dir='ltr'>Histor.</span> <span class='ocrx_word' id='word_1_257' title='bbox 307 2218 436 2247; x_wconf 83' lang='lat' dir='ltr'>animal.</span> <span class='ocrx_word' id='word_1_258' title='bbox 455 2218 509 2246; x_wconf 86' lang='lat' dir='ltr'>lib.</span> <span class='ocrx_word' id='word_1_259' title='bbox 528 2218 577 2246; x_wconf 85' lang='lat'>10.</span> <span class='ocrx_word' id='word_1_260' title='bbox 593 2227 663 2256; x_wconf 87' lang='lat' dir='ltr'>cap.</span> <span class='ocrx_word' id='word_1_261' title='bbox 682 2219 735 2247; x_wconf 74' lang='lat'>22.</span> <span class='ocrx_word' id='word_1_262' title='bbox 756 2219 782 2247; x_wconf 69' lang='lat' dir='ltr'>&amp;c</span> <span class='ocrx_word' id='word_1_263' title='bbox 808 2218 863 2248; x_wconf 91' lang='lat' dir='ltr'>lib.</span> <span class='ocrx_word' id='word_1_264' title='bbox 885 2221 931 2249; x_wconf 79' lang='lat'>12.</span> 
     </span>
     <span class='ocr_line' id='line_1_45' title="bbox 86 2258 936 2294; baseline 0.011 -10"><span class='ocrx_word' id='word_1_265' title='bbox 86 2265 157 2294; x_wconf 80' lang='lat' dir='ltr'>cap.</span> <span class='ocrx_word' id='word_1_266' title='bbox 175 2258 228 2287; x_wconf 76' lang='lat'>58.</span> <span class='ocrx_word' id='word_1_267' title='bbox 249 2260 276 2288; x_wconf 62' lang='grc' dir='ltr'><strong><em>ἃ</em></strong></span> <span class='ocrx_word' id='word_1_268' title='bbox 294 2260 375 2291; x_wconf 89' lang='lat' dir='ltr'>Plin.</span> <span class='ocrx_word' id='word_1_269' title='bbox 393 2271 473 2290; x_wconf 80' lang='lat' dir='ltr'>mox</span> <span class='ocrx_word' id='word_1_270' title='bbox 498 2261 615 2290; x_wconf 88' lang='lat' dir='ltr'>citand.</span> <span class='ocrx_word' id='word_1_271' title='bbox 662 2261 735 2291; x_wconf 93' lang='lat' dir='ltr'>Hoc</span> <span class='ocrx_word' id='word_1_272' title='bbox 759 2271 863 2292; x_wconf 88' lang='lat' dir='ltr'>unum</span> <span class='ocrx_word' id='word_1_273' title='bbox 893 2272 936 2293; x_wconf 81' lang='lat' dir='ltr'>ex</span> 
     </span>
     <span class='ocr_line' id='line_1_46' title="bbox 85 2300 936 2342; baseline 0.011 -14"><span class='ocrx_word' id='word_1_274' title='bbox 85 2300 280 2332; x_wconf 82' lang='lat' dir='ltr'>animalibus</span> <span class='ocrx_word' id='word_1_275' title='bbox 304 2310 390 2334; x_wconf 83' lang='lat' dir='ltr'>caret</span> <span class='ocrx_word' id='word_1_276' title='bbox 409 2304 542 2342; x_wconf 65' lang='lat' dir='ltr'>lingua:</span> <span class='ocrx_word' id='word_1_277' title='bbox 568 2303 751 2334; x_wconf 87' lang='lat' dir='ltr'>inferiorem</span> <span class='ocrx_word' id='word_1_278' title='bbox 769 2306 936 2337; x_wconf 81' lang='lat' dir='ltr'>maxillam</span> 
     </span>
     <span class='ocr_line' id='line_1_47' title="bbox 86 2347 934 2387; baseline 0.008 -16"><span class='ocrx_word' id='word_1_279' title='bbox 86 2351 155 2373; x_wconf 86' lang='lat' dir='ltr'>non</span> <span class='ocrx_word' id='word_1_280' title='bbox 171 2354 294 2383; x_wconf 84' lang='lat' dir='ltr'>movet,</span> <span class='ocrx_word' id='word_1_281' title='bbox 311 2348 365 2377; x_wconf 81' lang='lat' dir='ltr'>sed</span> <span class='ocrx_word' id='word_1_282' title='bbox 382 2349 581 2387; x_wconf 80' lang='lat' dir='ltr'>superiorem</span> <span class='ocrx_word' id='word_1_283' title='bbox 608 2347 749 2378; x_wconf 88' lang='lat' dir='ltr'>inferiori</span> <span class='ocrx_word' id='word_1_284' title='bbox 765 2349 934 2380; x_wconf 83' lang='lat' dir='ltr'>admovet:</span> 
     </span>
     <span class='ocr_line' id='line_1_48' title="bbox 86 2388 935 2430; baseline 0.007 -14"><span class='ocrx_word' id='word_1_285' title='bbox 86 2388 199 2418; x_wconf 90' lang='lat' dir='ltr'>oculos</span> <span class='ocrx_word' id='word_1_286' title='bbox 225 2389 321 2421; x_wconf 86' lang='lat' dir='ltr'>habet</span> <span class='ocrx_word' id='word_1_287' title='bbox 349 2392 472 2430; x_wconf 82' lang='lat' dir='ltr'>suillos,</span> <span class='ocrx_word' id='word_1_288' title='bbox 495 2390 530 2421; x_wconf 88' lang='lat' dir='ltr'>in</span> <span class='ocrx_word' id='word_1_289' title='bbox 557 2392 650 2430; x_wconf 72' lang='lat' dir='ltr'>aquis</span> <span class='ocrx_word' id='word_1_290' title='bbox 673 2392 818 2430; x_wconf 83' lang='lat' dir='ltr'>obtusos,</span> <span class='ocrx_word' id='word_1_291' title='bbox 843 2399 935 2423; x_wconf 80' lang='lat' dir='ltr'>extra</span> 
     </span>
     <span class='ocr_line' id='line_1_49' title="bbox 86 2435 933 2474; baseline 0.006 -14"><span class='ocrx_word' id='word_1_292' title='bbox 86 2439 138 2460; x_wconf 66' lang='lat' dir='ltr'>aas</span> <span class='ocrx_word' id='word_1_293' title='bbox 155 2435 460 2473; x_wconf 76' lang='lat' dir='ltr'>perspicacissim053</span> <span class='ocrx_word' id='word_1_294' title='bbox 485 2435 597 2464; x_wconf 86' lang='lat' dir='ltr'>dentes</span> <span class='ocrx_word' id='word_1_295' title='bbox 614 2435 774 2474; x_wconf 77' lang='lat' dir='ltr'>ingentes,</span> <span class='ocrx_word' id='word_1_296' title='bbox 801 2444 933 2466; x_wconf 85' lang='lat' dir='ltr'>serratos</span> 
     </span>
     <span class='ocr_line' id='line_1_50' title="bbox 86 2473 932 2519; baseline 0.007 -15"><span class='ocrx_word' id='word_1_297' title='bbox 86 2473 115 2501; x_wconf 66' lang='lat' dir='ltr'>«Sc</span> <span class='ocrx_word' id='word_1_298' title='bbox 151 2478 372 2513; x_wconf 86' lang='lat' dir='ltr'>prominentes</span> <span class='ocrx_word' id='word_1_299' title='bbox 389 2490 398 2517; x_wconf 80' lang='lat'>3</span> <span class='ocrx_word' id='word_1_300' title='bbox 433 2488 559 2519; x_wconf 84' lang='lat' dir='ltr'>ungues</span> <span class='ocrx_word' id='word_1_301' title='bbox 597 2479 766 2517; x_wconf 78' lang='lat' dir='ltr'>robust053</span> <span class='ocrx_word' id='word_1_302' title='bbox 812 2480 932 2517; x_wconf 89' lang='lat' dir='ltr'>pellem</span> 
     </span>
     <span class='ocr_line' id='line_1_51' title="bbox 85 2515 932 2561; baseline 0.011 -16"><span class='ocrx_word' id='word_1_303' title='bbox 85 2515 167 2547; x_wconf 81' lang='lat' dir='ltr'>dorsi</span> <span class='ocrx_word' id='word_1_304' title='bbox 195 2531 403 2559; x_wconf 67' lang='lat' dir='ltr'>squamosam</span> <span class='ocrx_word' id='word_1_305' title='bbox 433 2532 470 2552; x_wconf 86' lang='lat' dir='ltr'>ac</span> <span class='ocrx_word' id='word_1_306' title='bbox 497 2522 614 2552; x_wconf 86' lang='lat' dir='ltr'>duritie</span> <span class='ocrx_word' id='word_1_307' title='bbox 638 2522 932 2561; x_wconf 82' lang='lat' dir='ltr'>impenetrabilem.</span> 
     </span>
     <span class='ocr_line' id='line_1_52' title="bbox 85 2557 933 2604; baseline 0.012 -17"><span class='ocrx_word' id='word_1_308' title='bbox 85 2557 169 2590; x_wconf 80' lang='lat' dir='ltr'>Haec</span> <span class='ocrx_word' id='word_1_309' title='bbox 186 2572 227 2592; x_wconf 78' lang='lat' dir='ltr'>ex</span> <span class='ocrx_word' id='word_1_310' title='bbox 243 2564 423 2604; x_wconf 81' lang='lat' dir='ltr'>Herodoto,</span> <span class='ocrx_word' id='word_1_311' title='bbox 451 2565 506 2595; x_wconf 89' lang='lat' dir='ltr'>lib.</span> <span class='ocrx_word' id='word_1_312' title='bbox 520 2566 553 2595; x_wconf 81' lang='lat'>2.</span> <span class='ocrx_word' id='word_1_313' title='bbox 577 2564 695 2601; x_wconf 71' lang='lat' dir='ltr'>Plinio,</span> <span class='ocrx_word' id='word_1_314' title='bbox 713 2565 767 2595; x_wconf 92' lang='lat' dir='ltr'>lib.</span> <span class='ocrx_word' id='word_1_315' title='bbox 785 2566 816 2595; x_wconf 86' lang='grc'>8.</span> <span class='ocrx_word' id='word_1_316' title='bbox 834 2576 860 2595; x_wconf 89' lang='lat' dir='ltr'>c.</span> <span class='ocrx_word' id='word_1_317' title='bbox 880 2568 933 2597; x_wconf 73' lang='lat'>25.</span> 
     </span>
     <span class='ocr_line' id='line_1_53' title="bbox 85 2600 935 2648; baseline 0.009 -16"><span class='ocrx_word' id='word_1_318' title='bbox 85 2600 231 2635; x_wconf 87' lang='lat' dir='ltr'>Diodoro</span> <span class='ocrx_word' id='word_1_319' title='bbox 246 2608 367 2647; x_wconf 88' lang='lat' dir='ltr'>Siculo,</span> <span class='ocrx_word' id='word_1_320' title='bbox 386 2611 440 2639; x_wconf 85' lang='lat' dir='ltr'>lib.</span> <span class='ocrx_word' id='word_1_321' title='bbox 457 2612 482 2638; x_wconf 76' lang='lat'>1.</span> <span class='ocrx_word' id='word_1_322' title='bbox 504 2619 576 2648; x_wconf 78' lang='lat' dir='ltr'>cap.</span> <span class='ocrx_word' id='word_1_323' title='bbox 591 2610 622 2638; x_wconf 79' lang='lat'>3.</span> <span class='ocrx_word' id='word_1_324' title='bbox 650 2607 718 2638; x_wconf 86' lang='lat' dir='ltr'>Cur</span> <span class='ocrx_word' id='word_1_325' title='bbox 730 2614 841 2639; x_wconf 84' lang='lat' dir='ltr'>autern</span> <span class='ocrx_word' id='word_1_326' title='bbox 859 2610 935 2640; x_wconf 85' lang='lat' dir='ltr'>Cro-</span> 
     </span>
     <span class='ocr_line' id='line_1_54' title="bbox 85 2648 937 2693; baseline 0.008 -17"><span class='ocrx_word' id='word_1_327' title='bbox 85 2648 205 2679; x_wconf 86' lang='lat' dir='ltr'>codilos</span> <span class='ocrx_word' id='word_1_328' title='bbox 229 2652 372 2682; x_wconf 69' lang='lat' dir='ltr'>colerent</span> <span class='ocrx_word' id='word_1_329' title='bbox 396 2651 565 2693; x_wconf 83' lang='lat' dir='ltr'>AEgyptii?</span> <span class='ocrx_word' id='word_1_330' title='bbox 601 2651 738 2683; x_wconf 84' lang='lat' dir='ltr'>Diodor.</span> <span class='ocrx_word' id='word_1_331' title='bbox 758 2652 858 2682; x_wconf 87' lang='lat' dir='ltr'>Sicul.</span> <span class='ocrx_word' id='word_1_332' title='bbox 882 2653 937 2683; x_wconf 91' lang='lat' dir='ltr'>lib.</span> 
     </span>
     <span class='ocr_line' id='line_1_55' title="bbox 83 2691 935 2735; baseline 0.006 -15"><span class='ocrx_word' id='word_1_333' title='bbox 83 2691 114 2720; x_wconf 76' lang='lat'>2.</span> <span class='ocrx_word' id='word_1_334' title='bbox 134 2701 205 2732; x_wconf 87' lang='lat' dir='ltr'>cap.</span> <span class='ocrx_word' id='word_1_335' title='bbox 224 2696 254 2723; x_wconf 84' lang='lat'>4.</span> <span class='ocrx_word' id='word_1_336' title='bbox 268 2696 424 2726; x_wconf 77' lang='lat' dir='ltr'>rationem</span> <span class='ocrx_word' id='word_1_337' title='bbox 439 2696 533 2726; x_wconf 85' lang='lat' dir='ltr'>affert</span> <span class='ocrx_word' id='word_1_338' title='bbox 545 2695 633 2735; x_wconf 80' lang='lat' dir='ltr'>quod</span> <span class='ocrx_word' id='word_1_339' title='bbox 654 2696 861 2726; x_wconf 86' lang='lat' dir='ltr'>securitatem</span> <span class='ocrx_word' id='word_1_340' title='bbox 875 2706 935 2735; x_wconf 87' lang='lat' dir='ltr'>pa-</span> 
     </span>
     <span class='ocr_line' id='line_1_56' title="bbox 85 2736 934 2779; baseline 0.007 -15"><span class='ocrx_word' id='word_1_341' title='bbox 85 2736 151 2765; x_wconf 69' lang='lat' dir='ltr'>trie</span> <span class='ocrx_word' id='word_1_342' title='bbox 174 2736 343 2768; x_wconf 79' lang='lat' dir='ltr'>conferant</span> <span class='ocrx_word' id='word_1_343' title='bbox 362 2740 511 2769; x_wconf 77' lang='lat' dir='ltr'>adversus</span> <span class='ocrx_word' id='word_1_344' title='bbox 534 2740 662 2770; x_wconf 67' lang='lat' dir='ltr'>Arabiae</span> <span class='ocrx_word' id='word_1_345' title='bbox 688 2739 865 2779; x_wconf 63' lang='lat' dir='ltr'>Libyaeque</span> <span class='ocrx_word' id='word_1_346' title='bbox 889 2740 934 2770; x_wconf 88' lang='lat' dir='ltr'>la-</span> 
     </span>
     <span class='ocr_line' id='line_1_57' title="bbox 83 2781 934 2821; baseline 0.006 -13"><span class='ocrx_word' id='word_1_347' title='bbox 83 2782 204 2819; x_wconf 88' lang='lat' dir='ltr'>trones,</span> <span class='ocrx_word' id='word_1_348' title='bbox 220 2783 278 2821; x_wconf 88' lang='lat' dir='ltr'>qui</span> <span class='ocrx_word' id='word_1_349' title='bbox 289 2781 473 2813; x_wconf 70' lang='lat' dir='ltr'>Crocodilus</span> <span class='ocrx_word' id='word_1_350' title='bbox 489 2783 583 2812; x_wconf 77' lang='lat' dir='ltr'>veriti</span> <span class='ocrx_word' id='word_1_351' title='bbox 600 2783 715 2813; x_wconf 86' lang='lat' dir='ltr'>Nilum</span> <span class='ocrx_word' id='word_1_352' title='bbox 731 2793 798 2813; x_wconf 89' lang='lat' dir='ltr'>non</span> <span class='ocrx_word' id='word_1_353' title='bbox 811 2783 934 2814; x_wconf 88' lang='lat' dir='ltr'>audent</span> 
     </span>
     <span class='ocr_line' id='line_1_58' title="bbox 81 2826 931 2867; baseline 0.005 -15"><span class='ocrx_word' id='word_1_354' title='bbox 81 2826 215 2855; x_wconf 79' lang='lat' dir='ltr'>transire</span> <span class='ocrx_word' id='word_1_355' title='bbox 230 2826 437 2865; x_wconf 87' lang='lat' dir='ltr'>populatum.</span> <span class='ocrx_word' id='word_1_356' title='bbox 486 2827 562 2855; x_wconf 83' lang='lat' dir='ltr'>Alia</span> <span class='ocrx_word' id='word_1_357' title='bbox 586 2836 722 2866; x_wconf 90' lang='lat' dir='ltr'>quoque</span> <span class='ocrx_word' id='word_1_358' title='bbox 742 2826 862 2867; x_wconf 78' lang='lat' dir='ltr'>ibidem</span> <span class='ocrx_word' id='word_1_359' title='bbox 887 2827 931 2857; x_wconf 84' lang='lat' dir='ltr'>af-</span> 
     </span>
     <span class='ocr_line' id='line_1_59' title="bbox 83 2865 932 2909; baseline 0.006 -14"><span class='ocrx_word' id='word_1_360' title='bbox 83 2865 182 2898; x_wconf 83' lang='lat' dir='ltr'>fertur</span> <span class='ocrx_word' id='word_1_361' title='bbox 195 2870 286 2908; x_wconf 83' lang='lat' dir='ltr'>ratio,</span> <span class='ocrx_word' id='word_1_362' title='bbox 302 2868 423 2907; x_wconf 74' lang='lat' dir='ltr'>nempe</span> <span class='ocrx_word' id='word_1_363' title='bbox 438 2869 477 2897; x_wconf 91' lang='lat' dir='ltr'>ob</span> <span class='ocrx_word' id='word_1_364' title='bbox 491 2868 625 2898; x_wconf 84' lang='lat' dir='ltr'>Menam</span> <span class='ocrx_word' id='word_1_365' title='bbox 642 2869 765 2909; x_wconf 84' lang='lat' dir='ltr'>Regem</span> <span class='ocrx_word' id='word_1_366' title='bbox 779 2871 797 2899; x_wconf 74' lang='lat' dir='ltr'>a</span> <span class='ocrx_word' id='word_1_367' title='bbox 815 2870 932 2900; x_wconf 90' lang='lat' dir='ltr'>Croco-</span> 
     </span>
     <span class='ocr_line' id='line_1_60' title="bbox 81 2910 928 2951; baseline 0.005 -13"><span class='ocrx_word' id='word_1_368' title='bbox 81 2910 145 2939; x_wconf 85' lang='lat' dir='ltr'>dilo</span> <span class='ocrx_word' id='word_1_369' title='bbox 184 2913 356 2943; x_wconf 82' lang='lat' dir='ltr'>defensum</span> <span class='ocrx_word' id='word_1_370' title='bbox 394 2917 505 2941; x_wconf 79' lang='lat' dir='ltr'>contra</span> <span class='ocrx_word' id='word_1_371' title='bbox 542 2919 774 2951; x_wconf 81' lang='lat' dir='ltr'>persequentes</span> <span class='ocrx_word' id='word_1_372' title='bbox 815 2922 928 2943; x_wconf 79' lang='lat' dir='ltr'>canes:</span> 
     </span>
     <span class='ocr_line' id='line_1_61' title="bbox 81 2954 930 2994; baseline 0.008 -15"><span class='ocrx_word' id='word_1_373' title='bbox 81 2954 169 2984; x_wconf 72' lang='lat' dir='ltr'>unde</span> <span class='ocrx_word' id='word_1_374' title='bbox 186 2957 240 2985; x_wconf 90' lang='lat' dir='ltr'>ille</span> <span class='ocrx_word' id='word_1_375' title='bbox 256 2955 459 2986; x_wconf 85' lang='lat' dir='ltr'>Crocodilam</span> <span class='ocrx_word' id='word_1_376' title='bbox 476 2954 588 2983; x_wconf 86' lang='lat' dir='ltr'>urbem</span> <span class='ocrx_word' id='word_1_377' title='bbox 607 2956 799 2994; x_wconf 83' lang='lat' dir='ltr'>condiderit,</span> <span class='ocrx_word' id='word_1_378' title='bbox 814 2955 930 2986; x_wconf 88' lang='lat' dir='ltr'>Croco-</span> 
     </span>
     <span class='ocr_line' id='line_1_62' title="bbox 81 2994 930 3036; baseline 0.005 -12"><span class='ocrx_word' id='word_1_379' title='bbox 81 2994 162 3026; x_wconf 88' lang='lat' dir='ltr'>dilos</span> <span class='ocrx_word' id='word_1_380' title='bbox 175 3009 276 3029; x_wconf 80' lang='lat' dir='ltr'>sacros</span> <span class='ocrx_word' id='word_1_381' title='bbox 289 3003 359 3028; x_wconf 79' lang='lat' dir='ltr'>&#39;esse</span> <span class='ocrx_word' id='word_1_382' title='bbox 375 2998 540 3035; x_wconf 80' lang='lat' dir='ltr'>deinceps,</span> <span class='ocrx_word' id='word_1_383' title='bbox 555 2998 583 3026; x_wconf 62' lang='grc' dir='ltr'>ἃ</span> <span class='ocrx_word' id='word_1_384' title='bbox 599 2998 662 3026; x_wconf 86' lang='lat' dir='ltr'>coli</span> <span class='ocrx_word' id='word_1_385' title='bbox 678 2999 695 3026; x_wconf 76' lang='lat' dir='ltr'>a</span> <span class='ocrx_word' id='word_1_386' title='bbox 709 2999 775 3028; x_wconf 86' lang='lat' dir='ltr'>suis</span> <span class='ocrx_word' id='word_1_387' title='bbox 787 3000 930 3036; x_wconf 84' lang='lat' dir='ltr'>jusserit.</span> 
     </span>
     <span class='ocr_line' id='line_1_63' title="bbox 82 3038 930 3080; baseline 0.007 -14"><span class='ocrx_word' id='word_1_388' title='bbox 82 3038 217 3080; x_wconf 79' lang='lat' dir='ltr'>Seneca,</span> <span class='ocrx_word' id='word_1_389' title='bbox 249 3043 391 3072; x_wconf 67' lang='lat' dir='ltr'>Natural,</span> <span class='ocrx_word' id='word_1_390' title='bbox 411 3040 534 3074; x_wconf 73' lang='lat' dir='ltr'>Quaest.</span> <span class='ocrx_word' id='word_1_391' title='bbox 559 3040 613 3069; x_wconf 90' lang='lat' dir='ltr'>lib.</span> <span class='ocrx_word' id='word_1_392' title='bbox 638 3041 669 3069; x_wconf 86' lang='lat'>4.</span> <span class='ocrx_word' id='word_1_393' title='bbox 685 3050 754 3078; x_wconf 82' lang='lat' dir='ltr'>cap.</span> <span class='ocrx_word' id='word_1_394' title='bbox 775 3043 805 3070; x_wconf 78' lang='lat'>2.</span> <span class='ocrx_word' id='word_1_395' title='bbox 851 3042 930 3072; x_wconf 88' lang='lat' dir='ltr'>Del-</span> 
     </span>
     <span class='ocr_line' id='line_1_64' title="bbox 78 3082 930 3123; baseline 0.006 -14"><span class='ocrx_word' id='word_1_396' title='bbox 78 3082 257 3117; x_wconf 78' lang='lat' dir='ltr'>phinorum</span> <span class='ocrx_word' id='word_1_397' title='bbox 281 3087 315 3115; x_wconf 88' lang='lat' dir='ltr'>in</span> <span class='ocrx_word' id='word_1_398' title='bbox 339 3084 522 3115; x_wconf 88' lang='lat' dir='ltr'>Crocodilos</span> <span class='ocrx_word' id='word_1_399' title='bbox 546 3083 586 3112; x_wconf 89' lang='lat' dir='ltr'>ad</span> <span class='ocrx_word' id='word_1_400' title='bbox 614 3083 735 3113; x_wconf 84' lang='lat' dir='ltr'>ostium</span> <span class='ocrx_word' id='word_1_401' title='bbox 759 3083 825 3113; x_wconf 88' lang='lat' dir='ltr'>Nili</span> <span class='ocrx_word' id='word_1_402' title='bbox 850 3094 930 3123; x_wconf 84' lang='lat' dir='ltr'>pug-</span> 
     </span>
     <span class='ocr_line' id='line_1_65' title="bbox 78 3125 932 3167; baseline 0 -10"><span class='ocrx_word' id='word_1_403' title='bbox 78 3133 164 3164; x_wconf 65' lang='lat' dir='ltr'>nam,</span> <span class='ocrx_word' id='word_1_404' title='bbox 197 3130 278 3167; x_wconf 78' lang='lat' dir='ltr'>quin</span> <span class='ocrx_word' id='word_1_405' title='bbox 310 3130 336 3159; x_wconf 61' lang='lat' dir='ltr'>S:</span> <span class='ocrx_word' id='word_1_406' title='bbox 363 3128 531 3160; x_wconf 77' lang='lat' dir='ltr'>victoriam</span> <span class='ocrx_word' id='word_1_407' title='bbox 564 3125 696 3158; x_wconf 62' lang='lat' dir='ltr'>amoenfi</span> <span class='ocrx_word' id='word_1_408' title='bbox 724 3128 932 3166; x_wconf 76' lang='lat' dir='ltr'>prosequitur</span> 
     </span>
    </p>
   </div>
   <div class='ocr_carea' id='block_1_11' title="bbox 973 835 1837 3122">
    <p class='ocr_par' dir='ltr' id='par_1_15' title="bbox 987 835 1836 952">
     <span class='ocr_line' id='line_1_66' title="bbox 987 835 1836 877; baseline 0.005 -13"><span class='ocrx_word' id='word_1_409' title='bbox 987 836 1238 874; x_wconf 72' lang='lat' dir='ltr'>narratiuncula,</span> <span class='ocrx_word' id='word_1_410' title='bbox 1269 835 1416 866; x_wconf 84' lang='lat' dir='ltr'>similiter</span> <span class='ocrx_word' id='word_1_411' title='bbox 1441 837 1467 866; x_wconf 72' lang='grc' dir='ltr'>δε</span> <span class='ocrx_word' id='word_1_412' title='bbox 1484 835 1566 866; x_wconf 84' lang='lat' dir='ltr'>Plin.</span> <span class='ocrx_word' id='word_1_413' title='bbox 1583 835 1636 865; x_wconf 86' lang='lat' dir='ltr'>cit.</span> <span class='ocrx_word' id='word_1_414' title='bbox 1656 846 1735 866; x_wconf 85' lang='lat' dir='ltr'>mox</span> <span class='ocrx_word' id='word_1_415' title='bbox 1751 837 1836 877; x_wconf 85' lang='lat' dir='ltr'>loco,</span> 
     </span>
     <span class='ocr_line' id='line_1_67' title="bbox 988 878 1836 911; baseline 0.005 -4"><span class='ocrx_word' id='word_1_416' title='bbox 988 879 1045 907; x_wconf 84' lang='lat' dir='ltr'>ubi</span> <span class='ocrx_word' id='word_1_417' title='bbox 1062 880 1087 907; x_wconf 66' lang='grc' dir='ltr'>ἀ</span> <span class='ocrx_word' id='word_1_418' title='bbox 1105 878 1145 908; x_wconf 92' lang='lat' dir='ltr'>de</span> <span class='ocrx_word' id='word_1_419' title='bbox 1161 878 1394 909; x_wconf 78' lang='lat' dir='ltr'>lelineumonis</span> <span class='ocrx_word' id='word_1_420' title='bbox 1417 879 1590 909; x_wconf 79' lang='lat' dir='ltr'>calliditate</span> <span class='ocrx_word' id='word_1_421' title='bbox 1607 881 1636 909; x_wconf 70' lang='grc' dir='ltr'>δι</span> <span class='ocrx_word' id='word_1_422' title='bbox 1653 880 1773 911; x_wconf 81' lang='lat' dir='ltr'>insidiis</span> <span class='ocrx_word' id='word_1_423' title='bbox 1794 881 1836 911; x_wconf 80' lang='lat' dir='ltr'>ad</span> 
     </span>
     <span class='ocr_line' id='line_1_68' title="bbox 987 922 1422 952; baseline 0.002 -2"><span class='ocrx_word' id='word_1_424' title='bbox 987 922 1208 952; x_wconf 84' lang='lat' dir='ltr'>conficiendos</span> <span class='ocrx_word' id='word_1_425' title='bbox 1227 923 1422 952; x_wconf 76' lang='lat' dir='ltr'>Crocodilos.</span> 
     </span>
    </p>

    <p class='ocr_par' dir='ltr' id='par_1_16' title="bbox 984 965 1837 1480">
     <span class='ocr_line' id='line_1_69' title="bbox 1032 965 1836 1006; baseline 0.002 -12"><span class='ocrx_word' id='word_1_426' title='bbox 1032 966 1062 994; x_wconf 74' lang='lat'>3.</span> <span class='ocrx_word' id='word_1_427' title='bbox 1085 965 1206 994; x_wconf 82' lang='lat' dir='ltr'>Adorut</span> <span class='ocrx_word' id='word_1_428' title='bbox 1231 976 1307 1004; x_wconf 76' lang='lat' dir='ltr'>pars</span> <span class='ocrx_word' id='word_1_429' title='bbox 1333 966 1409 1004; x_wconf 78' lang='lat' dir='ltr'>lzaec]</span> <span class='ocrx_word' id='word_1_430' title='bbox 1447 966 1498 995; x_wconf 76' lang='lat' dir='ltr'>Ex</span> <span class='ocrx_word' id='word_1_431' title='bbox 1529 965 1696 996; x_wconf 77' lang='lat' dir='ltr'>Herodoto</span> <span class='ocrx_word' id='word_1_432' title='bbox 1723 967 1836 1006; x_wconf 86' lang='lat' dir='ltr'>citato,</span> 
     </span>
     <span class='ocr_line' id='line_1_70' title="bbox 987 1007 1833 1048; baseline 0.004 -11"><span class='ocrx_word' id='word_1_433' title='bbox 987 1007 1215 1047; x_wconf 81' lang='lat' dir='ltr'>AEgyptiorum</span> <span class='ocrx_word' id='word_1_434' title='bbox 1233 1009 1425 1048; x_wconf 83' lang='lat' dir='ltr'>quibusdam</span> <span class='ocrx_word' id='word_1_435' title='bbox 1442 1010 1634 1039; x_wconf 74' lang='lat' dir='ltr'>sacrosancti</span> <span class='ocrx_word' id='word_1_436' title='bbox 1657 1017 1734 1039; x_wconf 83' lang='lat' dir='ltr'>sunt</span> <span class='ocrx_word' id='word_1_437' title='bbox 1751 1009 1833 1040; x_wconf 92' lang='lat' dir='ltr'>Cro-</span> 
     </span>
     <span class='ocr_line' id='line_1_71' title="bbox 987 1051 1834 1092; baseline 0.004 -12"><span class='ocrx_word' id='word_1_438' title='bbox 987 1051 1094 1089; x_wconf 73' lang='lat' dir='ltr'>coditi,</span> <span class='ocrx_word' id='word_1_439' title='bbox 1109 1052 1252 1081; x_wconf 68' lang='lat' dir='ltr'>maxime</span> <span class='ocrx_word' id='word_1_440' title='bbox 1267 1052 1348 1081; x_wconf 90' lang='lat' dir='ltr'>circa</span> <span class='ocrx_word' id='word_1_441' title='bbox 1360 1052 1500 1088; x_wconf 84' lang='lat' dir='ltr'>Thebas,</span> <span class='ocrx_word' id='word_1_442' title='bbox 1513 1052 1579 1082; x_wconf 88' lang='lat' dir='ltr'>aliis</span> <span class='ocrx_word' id='word_1_443' title='bbox 1593 1054 1668 1082; x_wconf 81' lang='lat' dir='ltr'>vero</span> <span class='ocrx_word' id='word_1_444' title='bbox 1683 1052 1834 1092; x_wconf 68' lang='lat' dir='ltr'>minime,</span> 
     </span>
     <span class='ocr_line' id='line_1_72' title="bbox 987 1094 1834 1135; baseline 0.004 -12"><span class='ocrx_word' id='word_1_445' title='bbox 987 1094 1041 1124; x_wconf 86' lang='lat' dir='ltr'>sed</span> <span class='ocrx_word' id='word_1_446' title='bbox 1059 1094 1149 1124; x_wconf 85' lang='lat' dir='ltr'>velut</span> <span class='ocrx_word' id='word_1_447' title='bbox 1165 1095 1273 1124; x_wconf 81' lang='lat' dir='ltr'>hostes</span> <span class='ocrx_word' id='word_1_448' title='bbox 1290 1096 1464 1134; x_wconf 75' lang='lat' dir='ltr'>exagitant.</span> <span class='ocrx_word' id='word_1_449' title='bbox 1512 1095 1565 1124; x_wconf 74' lang='lat' dir='ltr'>Ex</span> <span class='ocrx_word' id='word_1_450' title='bbox 1579 1096 1683 1125; x_wconf 92' lang='lat' dir='ltr'>Plinio</span> <span class='ocrx_word' id='word_1_451' title='bbox 1699 1105 1834 1135; x_wconf 84' lang='lat' dir='ltr'>quoque</span> 
     </span>
     <span class='ocr_line' id='line_1_73' title="bbox 987 1138 1834 1177; baseline 0.004 -11"><span class='ocrx_word' id='word_1_452' title='bbox 987 1138 1015 1166; x_wconf 67' lang='lat' dir='ltr'>&lt;Sc</span> <span class='ocrx_word' id='word_1_453' title='bbox 1030 1138 1166 1175; x_wconf 86' lang='lat' dir='ltr'>Seneca,</span> <span class='ocrx_word' id='word_1_454' title='bbox 1179 1138 1282 1168; x_wconf 77' lang='lat' dir='ltr'>citatis</span> <span class='ocrx_word' id='word_1_455' title='bbox 1296 1139 1384 1173; x_wconf 84' lang='lat' dir='ltr'>locis,</span> <span class='ocrx_word' id='word_1_456' title='bbox 1400 1138 1573 1168; x_wconf 87' lang='lat' dir='ltr'>Crocodilis</span> <span class='ocrx_word' id='word_1_457' title='bbox 1586 1139 1715 1169; x_wconf 87' lang='lat' dir='ltr'>adversa</span> <span class='ocrx_word' id='word_1_458' title='bbox 1729 1144 1791 1177; x_wconf 82' lang='lat' dir='ltr'>est,</span> <span class='ocrx_word' id='word_1_459' title='bbox 1803 1140 1834 1169; x_wconf 67' lang='grc' dir='ltr'>δε</span> 
     </span>
     <span class='ocr_line' id='line_1_74' title="bbox 985 1181 1833 1222; baseline 0.002 -12"><span class='ocrx_word' id='word_1_460' title='bbox 985 1181 1081 1219; x_wconf 74' lang='lat' dir='ltr'>plane</span> <span class='ocrx_word' id='word_1_461' title='bbox 1112 1182 1241 1211; x_wconf 85' lang='lat' dir='ltr'>infensa</span> <span class='ocrx_word' id='word_1_462' title='bbox 1263 1181 1507 1220; x_wconf 83' lang='lat' dir='ltr'>Tentyritarum</span> <span class='ocrx_word' id='word_1_463' title='bbox 1537 1191 1626 1222; x_wconf 87' lang='lat' dir='ltr'>gens,</span> <span class='ocrx_word' id='word_1_464' title='bbox 1657 1192 1699 1211; x_wconf 81' lang='lat' dir='ltr'>ex</span> <span class='ocrx_word' id='word_1_465' title='bbox 1722 1181 1833 1213; x_wconf 86' lang='lat' dir='ltr'>Insula</span> 
     </span>
     <span class='ocr_line' id='line_1_75' title="bbox 987 1223 1835 1264; baseline 0.004 -11"><span class='ocrx_word' id='word_1_466' title='bbox 987 1223 1053 1253; x_wconf 79' lang='lat' dir='ltr'>Nili</span> <span class='ocrx_word' id='word_1_467' title='bbox 1083 1224 1219 1264; x_wconf 79' lang='lat' dir='ltr'>Tentyri</span> <span class='ocrx_word' id='word_1_468' title='bbox 1254 1232 1377 1255; x_wconf 83' lang='lat' dir='ltr'>vocata.</span> <span class='ocrx_word' id='word_1_469' title='bbox 1435 1224 1520 1255; x_wconf 80' lang='lat' dir='ltr'>curn</span> <span class='ocrx_word' id='word_1_470' title='bbox 1551 1225 1638 1254; x_wconf 83' lang='lat' dir='ltr'>enim</span> <span class='ocrx_word' id='word_1_471' title='bbox 1675 1225 1835 1256; x_wconf 83' lang='lat' dir='ltr'>Crocodili</span> 
     </span>
     <span class='ocr_line' id='line_1_76' title="bbox 986 1267 1836 1308; baseline 0.002 -13"><span class='ocrx_word' id='word_1_472' title='bbox 986 1268 1051 1297; x_wconf 84' lang='lat' dir='ltr'>sint</span> <span class='ocrx_word' id='word_1_473' title='bbox 1075 1278 1147 1308; x_wconf 86' lang='lat' dir='ltr'>erga</span> <span class='ocrx_word' id='word_1_474' title='bbox 1170 1268 1299 1298; x_wconf 87' lang='lat' dir='ltr'>timidos</span> <span class='ocrx_word' id='word_1_475' title='bbox 1321 1267 1470 1305; x_wconf 81' lang='lat' dir='ltr'>audaces,</span> <span class='ocrx_word' id='word_1_476' title='bbox 1495 1268 1531 1297; x_wconf 89' lang='lat' dir='ltr'>in</span> <span class='ocrx_word' id='word_1_477' title='bbox 1555 1268 1689 1297; x_wconf 84' lang='lat' dir='ltr'>audaces</span> <span class='ocrx_word' id='word_1_478' title='bbox 1715 1268 1836 1307; x_wconf 85' lang='lat' dir='ltr'>pavidi,</span> 
     </span>
     <span class='ocr_line' id='line_1_77' title="bbox 987 1310 1835 1351; baseline 0.001 -11"><span class='ocrx_word' id='word_1_479' title='bbox 987 1310 1162 1350; x_wconf 63' lang='lat' dir='ltr'>Tentyritae</span> <span class='ocrx_word' id='word_1_480' title='bbox 1180 1313 1309 1341; x_wconf 69' lang='lat' dir='ltr'>strenue</span> <span class='ocrx_word' id='word_1_481' title='bbox 1326 1312 1482 1349; x_wconf 85' lang='lat' dir='ltr'>assiliunt,</span> <span class='ocrx_word' id='word_1_482' title='bbox 1499 1320 1578 1341; x_wconf 80' lang='lat' dir='ltr'>voce</span> <span class='ocrx_word' id='word_1_483' title='bbox 1603 1317 1736 1346; x_wconf 89' lang='lat' dir='ltr'>terrent,</span> <span class='ocrx_word' id='word_1_484' title='bbox 1751 1310 1835 1351; x_wconf 88' lang='lat' dir='ltr'>fugi-</span> 
     </span>
     <span class='ocr_line' id='line_1_78' title="bbox 986 1355 1837 1394; baseline 0.004 -13"><span class='ocrx_word' id='word_1_485' title='bbox 986 1361 1076 1384; x_wconf 84' lang='lat' dir='ltr'>entes</span> <span class='ocrx_word' id='word_1_486' title='bbox 1092 1355 1211 1392; x_wconf 85' lang='lat' dir='ltr'>injecto</span> <span class='ocrx_word' id='word_1_487' title='bbox 1234 1355 1352 1394; x_wconf 87' lang='lat' dir='ltr'>laqueo</span> <span class='ocrx_word' id='word_1_488' title='bbox 1368 1355 1516 1391; x_wconf 84' lang='lat' dir='ltr'>trahunt,</span> <span class='ocrx_word' id='word_1_489' title='bbox 1533 1355 1624 1384; x_wconf 86' lang='lat' dir='ltr'>dorso</span> <span class='ocrx_word' id='word_1_490' title='bbox 1638 1355 1837 1394; x_wconf 75' lang='lat' dir='ltr'>inequitant,</span> 
     </span>
     <span class='ocr_line' id='line_1_79' title="bbox 985 1398 1834 1438; baseline 0.002 -12"><span class='ocrx_word' id='word_1_491' title='bbox 985 1399 1099 1435; x_wconf 70' lang='lat' dir='ltr'>quovis</span> <span class='ocrx_word' id='word_1_492' title='bbox 1118 1406 1232 1438; x_wconf 79' lang='lat' dir='ltr'>agunt,</span> <span class='ocrx_word' id='word_1_493' title='bbox 1248 1398 1397 1428; x_wconf 79' lang='lat' dir='ltr'>devorata</span> <span class='ocrx_word' id='word_1_494' title='bbox 1415 1407 1522 1427; x_wconf 87' lang='lat' dir='ltr'>recens</span> <span class='ocrx_word' id='word_1_495' title='bbox 1535 1406 1669 1436; x_wconf 87' lang='lat' dir='ltr'>corpora</span> <span class='ocrx_word' id='word_1_496' title='bbox 1683 1407 1834 1428; x_wconf 83' lang='lat' dir='ltr'>evomere</span> 
     </span>
     <span class='ocr_line' id='line_1_80' title="bbox 984 1442 1400 1480; baseline 0 -11"><span class='ocrx_word' id='word_1_497' title='bbox 984 1448 1118 1480; x_wconf 70' lang='lat' dir='ltr'>cogunt,</span> <span class='ocrx_word' id='word_1_498' title='bbox 1133 1442 1173 1472; x_wconf 90' lang='lat' dir='ltr'>ad</span> <span class='ocrx_word' id='word_1_499' title='bbox 1188 1442 1400 1480; x_wconf 70' lang='lat' dir='ltr'>sepuleuram.</span> 
     </span>
    </p>

    <p class='ocr_par' dir='ltr' id='par_1_17' title="bbox 973 1483 1837 3122">
     <span class='ocr_line' id='line_1_81' title="bbox 1027 1483 1836 1523; baseline 0.004 -11"><span class='ocrx_word' id='word_1_500' title='bbox 1027 1484 1172 1514; x_wconf 79' lang='lat' dir='ltr'>Saturam</span> <span class='ocrx_word' id='word_1_501' title='bbox 1198 1485 1386 1523; x_wconf 61' lang='lat' dir='ltr'>serpentinus</span> <span class='ocrx_word' id='word_1_502' title='bbox 1412 1483 1506 1522; x_wconf 80' lang='lat' dir='ltr'><em>Ibim]</em></span> <span class='ocrx_word' id='word_1_503' title='bbox 1547 1483 1646 1514; x_wconf 82' lang='lat' dir='ltr'>Foeda</span> <span class='ocrx_word' id='word_1_504' title='bbox 1672 1485 1742 1514; x_wconf 78' lang='lat' dir='ltr'>haec</span> <span class='ocrx_word' id='word_1_505' title='bbox 1769 1485 1836 1515; x_wconf 82' lang='lat' dir='ltr'>avis</span> 
     </span>
     <span class='ocr_line' id='line_1_82' title="bbox 984 1526 1836 1567; baseline 0.002 -11"><span class='ocrx_word' id='word_1_506' title='bbox 984 1527 1024 1556; x_wconf 86' lang='lat' dir='ltr'>ab</span> <span class='ocrx_word' id='word_1_507' title='bbox 1041 1528 1158 1557; x_wconf 72' lang='lat' dir='ltr'>ovidio</span> <span class='ocrx_word' id='word_1_508' title='bbox 1175 1528 1356 1564; x_wconf 82' lang='lat' dir='ltr'>decantata,</span> <span class='ocrx_word' id='word_1_509' title='bbox 1379 1527 1466 1565; x_wconf 88' lang='lat' dir='ltr'>apud</span> <span class='ocrx_word' id='word_1_510' title='bbox 1485 1527 1554 1557; x_wconf 91' lang='lat' dir='ltr'>Nili</span> <span class='ocrx_word' id='word_1_511' title='bbox 1572 1529 1653 1566; x_wconf 81' lang='lat' dir='ltr'>ripas</span> <span class='ocrx_word' id='word_1_512' title='bbox 1670 1526 1836 1567; x_wconf 86' lang='lat' dir='ltr'>frequens,</span> 
     </span>
     <span class='ocr_line' id='line_1_83' title="bbox 984 1567 1834 1611; baseline 0.001 -12"><span class='ocrx_word' id='word_1_513' title='bbox 984 1570 1127 1600; x_wconf 79' lang='lat' dir='ltr'>Ciconiae</span> <span class='ocrx_word' id='word_1_514' title='bbox 1142 1581 1209 1601; x_wconf 89' lang='lat' dir='ltr'>non</span> <span class='ocrx_word' id='word_1_515' title='bbox 1223 1571 1386 1608; x_wconf 82' lang='lat' dir='ltr'>absimilis,</span> <span class='ocrx_word' id='word_1_516' title='bbox 1399 1570 1470 1599; x_wconf 74' lang='lat' dir='ltr'>ideo</span> <span class='ocrx_word' id='word_1_517' title='bbox 1484 1570 1648 1601; x_wconf 85' lang='lat' dir='ltr'>colebatur</span> <span class='ocrx_word' id='word_1_518' title='bbox 1660 1572 1698 1600; x_wconf 83' lang='lat' dir='ltr'>ab</span> <span class='ocrx_word' id='word_1_519' title='bbox 1712 1567 1834 1611; x_wconf 83' lang='lat' dir='ltr'>AEgyp-</span> 
     </span>
     <span class='ocr_line' id='line_1_84' title="bbox 982 1613 1834 1653; baseline 0.002 -11"><span class='ocrx_word' id='word_1_520' title='bbox 982 1614 1047 1649; x_wconf 87' lang='lat' dir='ltr'>tiis,</span> <span class='ocrx_word' id='word_1_521' title='bbox 1066 1615 1153 1653; x_wconf 77' lang='lat' dir='ltr'>quod</span> <span class='ocrx_word' id='word_1_522' title='bbox 1169 1616 1208 1644; x_wconf 85' lang='lat' dir='ltr'>sit</span> <span class='ocrx_word' id='word_1_523' title='bbox 1226 1614 1341 1643; x_wconf 82' lang='lat' dir='ltr'>infesta</span> <span class='ocrx_word' id='word_1_524' title='bbox 1366 1614 1581 1652; x_wconf 85' lang='lat' dir='ltr'>serpentibus,</span> <span class='ocrx_word' id='word_1_525' title='bbox 1605 1615 1623 1642; x_wconf 74' lang='grc' dir='ltr'>ὲ</span> <span class='ocrx_word' id='word_1_526' title='bbox 1639 1613 1757 1653; x_wconf 85' lang='lat' dir='ltr'>quibus</span> <span class='ocrx_word' id='word_1_527' title='bbox 1772 1614 1834 1653; x_wconf 85' lang='lat' dir='ltr'>ipsi</span> 
     </span>
     <span class='ocr_line' id='line_1_85' title="bbox 986 1656 1835 1696; baseline 0.001 -10"><span class='ocrx_word' id='word_1_528' title='bbox 986 1656 1187 1687; x_wconf 80' lang='lat' dir='ltr'>infestantur.</span> <span class='ocrx_word' id='word_1_529' title='bbox 1240 1657 1327 1687; x_wconf 89' lang='lat' dir='ltr'>Hinc</span> <span class='ocrx_word' id='word_1_530' title='bbox 1344 1657 1411 1687; x_wconf 90' lang='lat' dir='ltr'>Cic.</span> <span class='ocrx_word' id='word_1_531' title='bbox 1437 1660 1459 1685; x_wconf 72' lang='lat' dir='ltr'>l.</span> <span class='ocrx_word' id='word_1_532' title='bbox 1477 1657 1515 1686; x_wconf 90' lang='lat' dir='ltr'>de</span> <span class='ocrx_word' id='word_1_533' title='bbox 1533 1656 1656 1688; x_wconf 89' lang='lat' dir='ltr'>Natura</span> <span class='ocrx_word' id='word_1_534' title='bbox 1676 1657 1835 1696; x_wconf 87' lang='lat' dir='ltr'>Deorum,</span> 
     </span>
     <span class='ocr_line' id='line_1_86' title="bbox 985 1698 1837 1740; baseline 0.001 -12"><span class='ocrx_word' id='word_1_535' title='bbox 985 1710 1015 1728; x_wconf 91' lang='lat' dir='ltr'>n.</span> <span class='ocrx_word' id='word_1_536' title='bbox 1047 1702 1117 1730; x_wconf 76' lang='lat'>102.</span> <span class='ocrx_word' id='word_1_537' title='bbox 1161 1701 1241 1740; x_wconf 77' lang='lat' dir='ltr'>Ipsi,</span> <span class='ocrx_word' id='word_1_538' title='bbox 1268 1701 1387 1739; x_wconf 80' lang='lat' dir='ltr'>inquit,</span> <span class='ocrx_word' id='word_1_539' title='bbox 1415 1700 1467 1738; x_wconf 81' lang='lat' dir='ltr'>qui</span> <span class='ocrx_word' id='word_1_540' title='bbox 1493 1699 1658 1730; x_wconf 78' lang='lat' dir='ltr'>irridentur</span> <span class='ocrx_word' id='word_1_541' title='bbox 1686 1698 1837 1740; x_wconf 72' lang='lat' dir='ltr'>AEgyptii</span> 
     </span>
     <span class='ocr_line' id='line_1_87' title="bbox 983 1743 1835 1782; baseline 0.001 -11"><span class='ocrx_word' id='word_1_542' title='bbox 983 1745 1097 1773; x_wconf 77' lang='lat' dir='ltr'>nullam</span> <span class='ocrx_word' id='word_1_543' title='bbox 1115 1744 1257 1782; x_wconf 79' lang='lat' dir='ltr'>belluam,</span> <span class='ocrx_word' id='word_1_544' title='bbox 1272 1744 1332 1774; x_wconf 75' lang='lat' dir='ltr'>nisi</span> <span class='ocrx_word' id='word_1_545' title='bbox 1344 1744 1379 1773; x_wconf 87' lang='lat' dir='ltr'>ob</span> <span class='ocrx_word' id='word_1_546' title='bbox 1394 1743 1529 1782; x_wconf 72' lang='lat' dir='ltr'>aliquam</span> <span class='ocrx_word' id='word_1_547' title='bbox 1542 1744 1721 1782; x_wconf 79' lang='lat' dir='ltr'>utilitatem,</span> <span class='ocrx_word' id='word_1_548' title='bbox 1744 1749 1835 1782; x_wconf 74' lang='lat' dir='ltr'>quam</span> 
     </span>
     <span class='ocr_line' id='line_1_88' title="bbox 983 1786 1836 1826; baseline 0.002 -12"><span class='ocrx_word' id='word_1_549' title='bbox 983 1796 1020 1814; x_wconf 68' lang='lat' dir='ltr'>ez</span> <span class='ocrx_word' id='word_1_550' title='bbox 1035 1797 1068 1816; x_wconf 77' lang='lat' dir='ltr'>eo</span> <span class='ocrx_word' id='word_1_551' title='bbox 1083 1791 1239 1826; x_wconf 69' lang='lat' dir='ltr'>caperent,</span> <span class='ocrx_word' id='word_1_552' title='bbox 1262 1791 1515 1816; x_wconf 70' lang='lat' dir='ltr'>consecraverunt</span> <span class='ocrx_word' id='word_1_553' title='bbox 1524 1798 1538 1822; x_wconf 89' lang='lat'><em>;</em></span> <span class='ocrx_word' id='word_1_554' title='bbox 1560 1789 1642 1816; x_wconf 73' lang='lat' dir='ltr'>velut</span> <span class='ocrx_word' id='word_1_555' title='bbox 1655 1786 1726 1816; x_wconf 77' lang='lat' dir='ltr'>Ibes</span> <span class='ocrx_word' id='word_1_556' title='bbox 1738 1786 1836 1816; x_wconf 71' lang='lat' dir='ltr'>maxi—</span> 
     </span>
     <span class='ocr_line' id='line_1_89' title="bbox 983 1830 1834 1869; baseline 0.002 -12"><span class='ocrx_word' id='word_1_557' title='bbox 983 1839 1062 1859; x_wconf 81' lang='lat' dir='ltr'>mam</span> <span class='ocrx_word' id='word_1_558' title='bbox 1077 1832 1135 1860; x_wconf 76' lang='lat' dir='ltr'>rim</span> <span class='ocrx_word' id='word_1_559' title='bbox 1151 1835 1321 1869; x_wconf 60' lang='lat' dir='ltr'>serpentum</span> <span class='ocrx_word' id='word_1_560' title='bbox 1336 1830 1513 1868; x_wconf 83' lang='lat' dir='ltr'>conficiunt,</span> <span class='ocrx_word' id='word_1_561' title='bbox 1535 1830 1603 1860; x_wconf 71' lang='lat' dir='ltr'>cum</span> <span class='ocrx_word' id='word_1_562' title='bbox 1617 1831 1681 1861; x_wconf 72' lang='lat' dir='ltr'>sint</span> <span class='ocrx_word' id='word_1_563' title='bbox 1696 1839 1767 1859; x_wconf 75' lang='lat' dir='ltr'>aves</span> <span class='ocrx_word' id='word_1_564' title='bbox 1781 1839 1834 1859; x_wconf 72' lang='lat' dir='ltr'>ex-</span> 
     </span>
     <span class='ocr_line' id='line_1_90' title="bbox 982 1873 1835 1915; baseline -0.001 -13"><span class='ocrx_word' id='word_1_565' title='bbox 982 1873 1080 1911; x_wconf 77' lang='lat' dir='ltr'>celsae,</span> <span class='ocrx_word' id='word_1_566' title='bbox 1097 1874 1233 1904; x_wconf 65' lang='lat' dir='ltr'>cruribus</span> <span class='ocrx_word' id='word_1_567' title='bbox 1257 1874 1379 1915; x_wconf 74' lang='lat' dir='ltr'>rigidis,</span> <span class='ocrx_word' id='word_1_568' title='bbox 1395 1883 1500 1903; x_wconf 81' lang='lat' dir='ltr'>corneo</span> <span class='ocrx_word' id='word_1_569' title='bbox 1519 1883 1702 1912; x_wconf 80' lang='lat' dir='ltr'>proceroque</span> <span class='ocrx_word' id='word_1_570' title='bbox 1717 1875 1835 1902; x_wconf 76' lang='lat' dir='ltr'>rostro.-</span> 
     </span>
     <span class='ocr_line' id='line_1_91' title="bbox 981 1915 1835 1958; baseline 0 -13"><span class='ocrx_word' id='word_1_571' title='bbox 981 1921 1124 1946; x_wconf 73' lang='lat' dir='ltr'>avertunt</span> <span class='ocrx_word' id='word_1_572' title='bbox 1135 1923 1252 1956; x_wconf 74' lang='lat' dir='ltr'>pestem</span> <span class='ocrx_word' id='word_1_573' title='bbox 1268 1917 1306 1946; x_wconf 80' lang='lat' dir='ltr'>ab</span> <span class='ocrx_word' id='word_1_574' title='bbox 1322 1916 1474 1957; x_wconf 73' lang='lat' dir='ltr'>AEgypw,</span> <span class='ocrx_word' id='word_1_575' title='bbox 1490 1916 1556 1945; x_wconf 76' lang='lat' dir='ltr'>cum</span> <span class='ocrx_word' id='word_1_576' title='bbox 1569 1915 1705 1945; x_wconf 77' lang='lat' dir='ltr'>volucres</span> <span class='ocrx_word' id='word_1_577' title='bbox 1717 1926 1835 1958; x_wconf 72' lang='lat' dir='ltr'>angues</span> 
     </span>
     <span class='ocr_line' id='line_1_92' title="bbox 981 1958 1835 2000; baseline -0.001 -12"><span class='ocrx_word' id='word_1_578' title='bbox 981 1970 1019 1988; x_wconf 76' lang='lat' dir='ltr'>ex</span> <span class='ocrx_word' id='word_1_579' title='bbox 1044 1960 1150 1999; x_wconf 53' lang='lat' dir='ltr'><strong><em>Liayoe</em></strong></span> <span class='ocrx_word' id='word_1_580' title='bbox 1163 1961 1309 1990; x_wconf 72' lang='lat' dir='ltr'>vastitate</span> <span class='ocrx_word' id='word_1_581' title='bbox 1330 1964 1419 1989; x_wconf 79' lang='lat' dir='ltr'>vento</span> <span class='ocrx_word' id='word_1_582' title='bbox 1433 1958 1544 2000; x_wconf 67' lang='lat' dir='ltr'>Africo</span> <span class='ocrx_word' id='word_1_583' title='bbox 1567 1958 1701 1988; x_wconf 74' lang='lat' dir='ltr'>invectas</span> <span class='ocrx_word' id='word_1_584' title='bbox 1719 1959 1835 1996; x_wconf 74' lang='lat' dir='ltr'>interfi-</span> 
     </span>
     <span class='ocr_line' id='line_1_93' title="bbox 981 2001 1832 2041; baseline 0.001 -10"><span class='ocrx_word' id='word_1_585' title='bbox 981 2003 1065 2032; x_wconf 73' lang='lat' dir='ltr'>ciunt</span> <span class='ocrx_word' id='word_1_586' title='bbox 1082 2008 1176 2037; x_wconf 57' lang='lat' dir='ltr'>atoue</span> <span class='ocrx_word' id='word_1_587' title='bbox 1190 2007 1368 2033; x_wconf 81' lang='lat' dir='ltr'>consumunt</span> <span class='ocrx_word' id='word_1_588' title='bbox 1427 2002 1480 2031; x_wconf 70' lang='lat' dir='ltr'>Ex</span> <span class='ocrx_word' id='word_1_589' title='bbox 1505 2011 1560 2041; x_wconf 83' lang='lat' dir='ltr'>quo</span> <span class='ocrx_word' id='word_1_590' title='bbox 1571 2001 1615 2038; x_wconf 87' lang='lat' dir='ltr'>fit</span> <span class='ocrx_word' id='word_1_591' title='bbox 1638 2006 1672 2031; x_wconf 85' lang='lat' dir='ltr'>ut</span> <span class='ocrx_word' id='word_1_592' title='bbox 1695 2001 1759 2031; x_wconf 79' lang='lat' dir='ltr'>illae</span> <span class='ocrx_word' id='word_1_593' title='bbox 1775 2012 1832 2032; x_wconf 80' lang='lat' dir='ltr'>nec</span> 
     </span>
     <span class='ocr_line' id='line_1_94' title="bbox 981 2044 1832 2083; baseline 0.001 -9"><span class='ocrx_word' id='word_1_594' title='bbox 981 2056 1080 2076; x_wconf 77' lang='lat' dir='ltr'>morsu</span> <span class='ocrx_word' id='word_1_595' title='bbox 1096 2047 1169 2076; x_wconf 64' lang='lat' dir='ltr'><em>siva?</em></span> <span class='ocrx_word' id='word_1_596' title='bbox 1184 2052 1321 2083; x_wconf 80' lang='lat' dir='ltr'>noceant,</span> <span class='ocrx_word' id='word_1_597' title='bbox 1341 2056 1395 2076; x_wconf 82' lang='lat' dir='ltr'>nec</span> <span class='ocrx_word' id='word_1_598' title='bbox 1418 2046 1507 2075; x_wconf 82' lang='lat' dir='ltr'>odore</span> <span class='ocrx_word' id='word_1_599' title='bbox 1529 2049 1653 2074; x_wconf 79' lang='lat' dir='ltr'>mortuoe</span> <span class='ocrx_word' id='word_1_600' title='bbox 1708 2044 1832 2075; x_wconf 78' lang='lat' dir='ltr'>Possem</span> 
     </span>
     <span class='ocr_line' id='line_1_95' title="bbox 981 2087 1834 2126; baseline -0.004 -9"><span class='ocrx_word' id='word_1_601' title='bbox 981 2089 1018 2118; x_wconf 82' lang='lat' dir='ltr'>(Ie</span> <span class='ocrx_word' id='word_1_602' title='bbox 1029 2089 1262 2125; x_wconf 63' lang='lat' dir='ltr'>Ichneumonum</span> <span class='ocrx_word' id='word_1_603' title='bbox 1272 2089 1424 2126; x_wconf 77' lang='lat' dir='ltr'>utilitate,</span> <span class='ocrx_word' id='word_1_604' title='bbox 1436 2089 1474 2117; x_wconf 71' lang='lat' dir='ltr'>tle</span> <span class='ocrx_word' id='word_1_605' title='bbox 1487 2087 1725 2125; x_wconf 69' lang='grc' dir='ltr'>Ονοσοιίἱῐονιιηι,</span> <span class='ocrx_word' id='word_1_606' title='bbox 1738 2087 1834 2126; x_wconf 82' lang='lat' dir='ltr'>dese.</span> 
     </span>
     <span class='ocr_line' id='line_1_96' title="bbox 981 2129 1830 2172; baseline 0.002 -11"><span class='ocrx_word' id='word_1_607' title='bbox 981 2132 1055 2161; x_wconf 79' lang='lat' dir='ltr'>lium</span> <span class='ocrx_word' id='word_1_608' title='bbox 1073 2133 1182 2169; x_wconf 72' lang='lat' dir='ltr'>(licere,</span> <span class='ocrx_word' id='word_1_609' title='bbox 1193 2133 1245 2162; x_wconf 72' lang='lat' dir='ltr'>sed</span> <span class='ocrx_word' id='word_1_610' title='bbox 1255 2132 1324 2162; x_wconf 76' lang='lat' dir='ltr'>nolo</span> <span class='ocrx_word' id='word_1_611' title='bbox 1335 2142 1398 2162; x_wconf 79' lang='lat' dir='ltr'>esse</span> <span class='ocrx_word' id='word_1_612' title='bbox 1410 2133 1528 2172; x_wconf 83' lang='lat' dir='ltr'>longus.</span> <span class='ocrx_word' id='word_1_613' title='bbox 1556 2131 1714 2161; x_wconf 75' lang='lat' dir='ltr'>Herodot,</span> <span class='ocrx_word' id='word_1_614' title='bbox 1730 2131 1785 2162; x_wconf 88' lang='lat' dir='ltr'>lib.</span> <span class='ocrx_word' id='word_1_615' title='bbox 1798 2129 1830 2163; x_wconf 73' lang='lat'>2.</span> 
     </span>
     <span class='ocr_line' id='line_1_97' title="bbox 982 2173 1832 2214; baseline 0.001 -10"><span class='ocrx_word' id='word_1_616' title='bbox 982 2177 1131 2206; x_wconf 82' lang='lat' dir='ltr'>meminit</span> <span class='ocrx_word' id='word_1_617' title='bbox 1145 2177 1305 2206; x_wconf 79' lang='lat' dir='ltr'>alatorum</span> <span class='ocrx_word' id='word_1_618' title='bbox 1319 2183 1509 2214; x_wconf 82' lang='lat' dir='ltr'>serpentum</span> <span class='ocrx_word' id='word_1_619' title='bbox 1520 2175 1555 2204; x_wconf 91' lang='lat' dir='ltr'>in</span> <span class='ocrx_word' id='word_1_620' title='bbox 1565 2173 1748 2214; x_wconf 87' lang='lat' dir='ltr'>AEgyptum</span> <span class='ocrx_word' id='word_1_621' title='bbox 1758 2183 1832 2205; x_wconf 84' lang='lat' dir='ltr'>vere</span> 
     </span>
     <span class='ocr_line' id='line_1_98' title="bbox 980 2216 1833 2257; baseline 0 -9"><span class='ocrx_word' id='word_1_622' title='bbox 980 2218 1118 2249; x_wconf 87' lang='lat' dir='ltr'>ineunte</span> <span class='ocrx_word' id='word_1_623' title='bbox 1142 2219 1380 2256; x_wconf 85' lang='lat' dir='ltr'>advolantium,</span> <span class='ocrx_word' id='word_1_624' title='bbox 1405 2227 1486 2257; x_wconf 87' lang='lat' dir='ltr'>quos</span> <span class='ocrx_word' id='word_1_625' title='bbox 1517 2218 1625 2247; x_wconf 82' lang='lat' dir='ltr'>statim</span> <span class='ocrx_word' id='word_1_626' title='bbox 1654 2216 1833 2248; x_wconf 88' lang='lat' dir='ltr'>conficiunt</span> 
     </span>
     <span class='ocr_line' id='line_1_99' title="bbox 982 2260 1830 2302; baseline 0.001 -11"><span class='ocrx_word' id='word_1_627' title='bbox 982 2261 1097 2301; x_wconf 83' lang='lat' dir='ltr'>Ibides,</span> <span class='ocrx_word' id='word_1_628' title='bbox 1120 2273 1192 2302; x_wconf 78' lang='lat' dir='ltr'>quae</span> <span class='ocrx_word' id='word_1_629' title='bbox 1209 2263 1326 2292; x_wconf 83' lang='lat' dir='ltr'>idcirco</span> <span class='ocrx_word' id='word_1_630' title='bbox 1342 2271 1462 2301; x_wconf 88' lang='lat' dir='ltr'>magno</span> <span class='ocrx_word' id='word_1_631' title='bbox 1478 2260 1523 2290; x_wconf 90' lang='lat' dir='ltr'>ibi</span> <span class='ocrx_word' id='word_1_632' title='bbox 1547 2262 1581 2290; x_wconf 86' lang='lat' dir='ltr'>in</span> <span class='ocrx_word' id='word_1_633' title='bbox 1603 2261 1727 2292; x_wconf 86' lang='lat' dir='ltr'>honore</span> <span class='ocrx_word' id='word_1_634' title='bbox 1753 2261 1830 2292; x_wconf 88' lang='lat' dir='ltr'>sint.</span> 
     </span>
     <span class='ocr_line' id='line_1_100' title="bbox 982 2304 1829 2345; baseline 0 -12"><span class='ocrx_word' id='word_1_635' title='bbox 982 2304 1054 2335; x_wconf 92' lang='lat' dir='ltr'>Ibin</span> <span class='ocrx_word' id='word_1_636' title='bbox 1081 2307 1176 2345; x_wconf 76' lang='lat' dir='ltr'>porro</span> <span class='ocrx_word' id='word_1_637' title='bbox 1199 2305 1338 2345; x_wconf 86' lang='lat' dir='ltr'>duplicis</span> <span class='ocrx_word' id='word_1_638' title='bbox 1365 2315 1433 2335; x_wconf 87' lang='lat' dir='ltr'>esse</span> <span class='ocrx_word' id='word_1_639' title='bbox 1457 2305 1579 2343; x_wconf 88' lang='lat' dir='ltr'>generis</span> <span class='ocrx_word' id='word_1_640' title='bbox 1594 2305 1661 2342; x_wconf 88' lang='lat' dir='ltr'>ait;</span> <span class='ocrx_word' id='word_1_641' title='bbox 1685 2304 1829 2342; x_wconf 74' lang='lat' dir='ltr'>alteram,</span> 
     </span>
     <span class='ocr_line' id='line_1_101' title="bbox 982 2348 1829 2389; baseline -0.001 -10"><span class='ocrx_word' id='word_1_642' title='bbox 982 2358 1054 2387; x_wconf 76' lang='lat' dir='ltr'>quae</span> <span class='ocrx_word' id='word_1_643' title='bbox 1087 2356 1154 2379; x_wconf 83' lang='lat' dir='ltr'>tota</span> <span class='ocrx_word' id='word_1_644' title='bbox 1183 2350 1273 2389; x_wconf 88' lang='lat' dir='ltr'>nigra</span> <span class='ocrx_word' id='word_1_645' title='bbox 1301 2354 1360 2387; x_wconf 85' lang='lat' dir='ltr'>est,</span> <span class='ocrx_word' id='word_1_646' title='bbox 1391 2348 1510 2388; x_wconf 87' lang='lat' dir='ltr'>gruinis</span> <span class='ocrx_word' id='word_1_647' title='bbox 1540 2348 1697 2384; x_wconf 89' lang='lat' dir='ltr'>cruribus,</span> <span class='ocrx_word' id='word_1_648' title='bbox 1728 2352 1829 2378; x_wconf 85' lang='lat' dir='ltr'>rostro</span> 
     </span>
     <span class='ocr_line' id='line_1_102' title="bbox 980 2389 1830 2430; baseline -0.001 -10"><span class='ocrx_word' id='word_1_649' title='bbox 980 2391 1071 2422; x_wconf 77' lang='lat' dir='ltr'>valde</span> <span class='ocrx_word' id='word_1_650' title='bbox 1092 2393 1233 2430; x_wconf 88' lang='lat' dir='ltr'>adunco,</span> <span class='ocrx_word' id='word_1_651' title='bbox 1256 2394 1285 2421; x_wconf 67' lang='grc' dir='ltr'>δε</span> <span class='ocrx_word' id='word_1_652' title='bbox 1302 2402 1379 2422; x_wconf 87' lang='lat' dir='ltr'>cum</span> <span class='ocrx_word' id='word_1_653' title='bbox 1394 2391 1594 2429; x_wconf 90' lang='lat' dir='ltr'>serpentibus</span> <span class='ocrx_word' id='word_1_654' title='bbox 1611 2395 1755 2429; x_wconf 88' lang='lat' dir='ltr'>pugnat:</span> <span class='ocrx_word' id='word_1_655' title='bbox 1778 2389 1830 2419; x_wconf 87' lang='lat' dir='ltr'>al-</span> 
     </span>
     <span class='ocr_line' id='line_1_103' title="bbox 979 2433 1828 2476; baseline -0.004 -12"><span class='ocrx_word' id='word_1_656' title='bbox 979 2440 1093 2473; x_wconf 90' lang='lat' dir='ltr'>teram,</span> <span class='ocrx_word' id='word_1_657' title='bbox 1122 2446 1194 2476; x_wconf 76' lang='lat' dir='ltr'>quae</span> <span class='ocrx_word' id='word_1_658' title='bbox 1209 2435 1308 2475; x_wconf 85' lang='lat' dir='ltr'>pedes</span> <span class='ocrx_word' id='word_1_659' title='bbox 1324 2434 1421 2464; x_wconf 84' lang='lat' dir='ltr'>habet</span> <span class='ocrx_word' id='word_1_660' title='bbox 1435 2434 1587 2463; x_wconf 76' lang='lat' dir='ltr'>humanis</span> <span class='ocrx_word' id='word_1_661' title='bbox 1609 2433 1740 2471; x_wconf 86' lang='lat' dir='ltr'>similes,</span> <span class='ocrx_word' id='word_1_662' title='bbox 1754 2442 1828 2472; x_wconf 86' lang='lat' dir='ltr'>gra-</span> 
     </span>
     <span class='ocr_line' id='line_1_104' title="bbox 977 2474 1830 2519; baseline -0.004 -10"><span class='ocrx_word' id='word_1_663' title='bbox 977 2479 1039 2508; x_wconf 90' lang='lat' dir='ltr'>cile</span> <span class='ocrx_word' id='word_1_664' title='bbox 1054 2485 1165 2519; x_wconf 86' lang='lat' dir='ltr'>caput,</span> <span class='ocrx_word' id='word_1_665' title='bbox 1181 2480 1208 2509; x_wconf 71' lang='grc' dir='ltr'>δι</span> <span class='ocrx_word' id='word_1_666' title='bbox 1226 2478 1360 2516; x_wconf 90' lang='lat' dir='ltr'>collum,</span> <span class='ocrx_word' id='word_1_667' title='bbox 1377 2486 1499 2517; x_wconf 82' lang='lat' dir='ltr'>pennas</span> <span class='ocrx_word' id='word_1_668' title='bbox 1514 2474 1675 2514; x_wconf 87' lang='lat' dir='ltr'>candidas,</span> <span class='ocrx_word' id='word_1_669' title='bbox 1691 2485 1782 2510; x_wconf 77' lang='lat' dir='ltr'>crura</span> <span class='ocrx_word' id='word_1_670' title='bbox 1798 2477 1830 2506; x_wconf 71' lang='grc' dir='ltr'>δε</span> 
     </span>
     <span class='ocr_line' id='line_1_105' title="bbox 980 2519 1829 2553; baseline -0.001 -2"><span class='ocrx_word' id='word_1_671' title='bbox 980 2527 1119 2552; x_wconf 85' lang='lat' dir='ltr'>rostrum</span> <span class='ocrx_word' id='word_1_672' title='bbox 1131 2523 1222 2553; x_wconf 77' lang='lat' dir='ltr'>alteri</span> <span class='ocrx_word' id='word_1_673' title='bbox 1234 2529 1462 2551; x_wconf 79' lang='lat' dir='ltr'>consentanea.</span> <span class='ocrx_word' id='word_1_674' title='bbox 1498 2519 1631 2550; x_wconf 88' lang='lat' dir='ltr'>Diodor.</span> <span class='ocrx_word' id='word_1_675' title='bbox 1648 2519 1709 2548; x_wconf 92' lang='lat' dir='ltr'>Sic.</span> <span class='ocrx_word' id='word_1_676' title='bbox 1727 2519 1782 2549; x_wconf 87' lang='lat' dir='ltr'>lib.</span> <span class='ocrx_word' id='word_1_677' title='bbox 1795 2521 1829 2550; x_wconf 84' lang='lat'>2.</span> 
     </span>
     <span class='ocr_line' id='line_1_106' title="bbox 980 2563 1826 2604; baseline -0.004 -10"><span class='ocrx_word' id='word_1_678' title='bbox 980 2575 1050 2604; x_wconf 89' lang='lat' dir='ltr'>cap.</span> <span class='ocrx_word' id='word_1_679' title='bbox 1065 2568 1095 2597; x_wconf 87' lang='lat'>4.</span> <span class='ocrx_word' id='word_1_680' title='bbox 1141 2566 1195 2596; x_wconf 86' lang='lat' dir='ltr'>Ex</span> <span class='ocrx_word' id='word_1_681' title='bbox 1223 2565 1335 2595; x_wconf 74' lang='lat' dir='ltr'>avibus</span> <span class='ocrx_word' id='word_1_682' title='bbox 1362 2564 1435 2594; x_wconf 90' lang='lat' dir='ltr'>lbin</span> <span class='ocrx_word' id='word_1_683' title='bbox 1461 2563 1664 2593; x_wconf 84' lang='lat' dir='ltr'>utilissimam</span> <span class='ocrx_word' id='word_1_684' title='bbox 1692 2563 1730 2592; x_wconf 90' lang='lat' dir='ltr'>ad</span> <span class='ocrx_word' id='word_1_685' title='bbox 1759 2571 1826 2592; x_wconf 88' lang='lat' dir='ltr'>ser-</span> 
     </span>
     <span class='ocr_line' id='line_1_107' title="bbox 981 2605 1828 2648; baseline -0.001 -10"><span class='ocrx_word' id='word_1_686' title='bbox 981 2615 1094 2648; x_wconf 88' lang='lat' dir='ltr'>pentes</span> <span class='ocrx_word' id='word_1_687' title='bbox 1121 2611 1150 2639; x_wconf 84' lang='lat'>&amp;</span> <span class='ocrx_word' id='word_1_688' title='bbox 1175 2610 1314 2640; x_wconf 85' lang='lat' dir='ltr'>locustas</span> <span class='ocrx_word' id='word_1_689' title='bbox 1337 2608 1517 2645; x_wconf 86' lang='lat' dir='ltr'>brucosque</span> <span class='ocrx_word' id='word_1_690' title='bbox 1543 2605 1695 2635; x_wconf 88' lang='lat' dir='ltr'>delendos</span> <span class='ocrx_word' id='word_1_691' title='bbox 1720 2605 1828 2637; x_wconf 86' lang='lat' dir='ltr'>refert.</span> 
     </span>
     <span class='ocr_line' id='line_1_108' title="bbox 981 2647 1827 2688; baseline -0.002 -7"><span class='ocrx_word' id='word_1_692' title='bbox 981 2652 1059 2682; x_wconf 88' lang='lat' dir='ltr'>Plin.</span> <span class='ocrx_word' id='word_1_693' title='bbox 1090 2653 1146 2683; x_wconf 93' lang='lat' dir='ltr'>lib.</span> <span class='ocrx_word' id='word_1_694' title='bbox 1176 2654 1225 2682; x_wconf 89' lang='lat'>10.</span> <span class='ocrx_word' id='word_1_695' title='bbox 1257 2662 1284 2681; x_wconf 91' lang='lat' dir='ltr'>c.</span> <span class='ocrx_word' id='word_1_696' title='bbox 1307 2651 1359 2681; x_wconf 79' lang='lat'>28.</span> <span class='ocrx_word' id='word_1_697' title='bbox 1405 2651 1556 2680; x_wconf 65' lang='lat' dir='ltr'>lut-ocant</span> <span class='ocrx_word' id='word_1_698' title='bbox 1585 2648 1733 2688; x_wconf 77' lang='lat' dir='ltr'>AEgyptiz&#39;</span> <span class='ocrx_word' id='word_1_699' title='bbox 1754 2647 1827 2679; x_wconf 76' lang='lat' dir='ltr'>Ibes</span> 
     </span>
     <span class='ocr_line' id='line_1_109' title="bbox 978 2691 1826 2735; baseline -0.004 -11"><span class='ocrx_word' id='word_1_700' title='bbox 978 2705 1062 2734; x_wconf 83' lang='lat' dir='ltr'>suus,</span> <span class='ocrx_word' id='word_1_701' title='bbox 1077 2696 1197 2735; x_wconf 90' lang='lat' dir='ltr'>inquit,</span> <span class='ocrx_word' id='word_1_702' title='bbox 1213 2699 1323 2725; x_wconf 83' lang='lat' dir='ltr'>contra</span> <span class='ocrx_word' id='word_1_703' title='bbox 1335 2693 1518 2733; x_wconf 75' lang='lat' dir='ltr'>serpentium</span> <span class='ocrx_word' id='word_1_704' title='bbox 1533 2693 1706 2722; x_wconf 76' lang='lat' dir='ltr'>adventum.</span> <span class='ocrx_word' id='word_1_705' title='bbox 1738 2691 1782 2722; x_wconf 82' lang='lat' dir='ltr'>Et</span> <span class='ocrx_word' id='word_1_706' title='bbox 1797 2701 1826 2721; x_wconf 92' lang='lat' dir='ltr'>c.</span> 
     </span>
     <span class='ocr_line' id='line_1_110' title="bbox 979 2735 1829 2777; baseline -0.006 -9"><span class='ocrx_word' id='word_1_707' title='bbox 979 2741 1032 2768; x_wconf 65' lang='lat'>30.</span> <span class='ocrx_word' id='word_1_708' title='bbox 1076 2739 1142 2769; x_wconf 86' lang='lat' dir='ltr'>Ibis</span> <span class='ocrx_word' id='word_1_709' title='bbox 1154 2739 1235 2769; x_wconf 83' lang='lat' dir='ltr'>circa</span> <span class='ocrx_word' id='word_1_710' title='bbox 1257 2738 1412 2768; x_wconf 74' lang='lat' dir='ltr'>Pelusium</span> <span class='ocrx_word' id='word_1_711' title='bbox 1429 2735 1548 2766; x_wconf 79' lang='lat' dir='ltr'>tantum</span> <span class='ocrx_word' id='word_1_712' title='bbox 1569 2735 1660 2777; x_wconf 78' lang='lat' dir='ltr'>nigra</span> <span class='ocrx_word' id='word_1_713' title='bbox 1679 2738 1748 2764; x_wconf 76' lang='lat' dir='ltr'>est.-</span> <span class='ocrx_word' id='word_1_714' title='bbox 1771 2744 1829 2764; x_wconf 81' lang='lat' dir='ltr'>cae-</span> 
     </span>
     <span class='ocr_line' id='line_1_111' title="bbox 979 2778 1826 2818; baseline -0.004 -8"><span class='ocrx_word' id='word_1_715' title='bbox 979 2782 1052 2811; x_wconf 76' lang='lat' dir='ltr'>teris</span> <span class='ocrx_word' id='word_1_716' title='bbox 1075 2783 1213 2813; x_wconf 77' lang='lat' dir='ltr'>omnibus</span> <span class='ocrx_word' id='word_1_717' title='bbox 1235 2782 1309 2812; x_wconf 88' lang='lat' dir='ltr'>locis</span> <span class='ocrx_word' id='word_1_718' title='bbox 1324 2780 1465 2810; x_wconf 78' lang='lat' dir='ltr'>candida.</span> <span class='ocrx_word' id='word_1_719' title='bbox 1513 2779 1597 2809; x_wconf 84' lang='lat' dir='ltr'>Coel.</span> <span class='ocrx_word' id='word_1_720' title='bbox 1614 2778 1751 2818; x_wconf 81' lang='lat' dir='ltr'>Rhodig.</span> <span class='ocrx_word' id='word_1_721' title='bbox 1766 2778 1826 2808; x_wconf 88' lang='lat' dir='ltr'>lib.</span> 
     </span>
     <span class='ocr_line' id='line_1_112' title="bbox 981 2821 1826 2858; baseline -0.005 -4"><span class='ocrx_word' id='word_1_722' title='bbox 981 2827 1031 2854; x_wconf 76' lang='lat'>13.</span> <span class='ocrx_word' id='word_1_723' title='bbox 1055 2836 1082 2855; x_wconf 93' lang='lat' dir='ltr'>c.</span> <span class='ocrx_word' id='word_1_724' title='bbox 1102 2829 1131 2856; x_wconf 88' lang='lat'>1.</span> <span class='ocrx_word' id='word_1_725' title='bbox 1155 2836 1196 2855; x_wconf 82' lang='lat' dir='ltr'>ex</span> <span class='ocrx_word' id='word_1_726' title='bbox 1221 2823 1408 2856; x_wconf 86' lang='lat' dir='ltr'>Minutiano</span> <span class='ocrx_word' id='word_1_727' title='bbox 1436 2822 1565 2852; x_wconf 79' lang='lat' dir='ltr'>Caecilio</span> <span class='ocrx_word' id='word_1_728' title='bbox 1589 2822 1747 2858; x_wconf 90' lang='lat' dir='ltr'>Auctore,</span> <span class='ocrx_word' id='word_1_729' title='bbox 1770 2821 1826 2850; x_wconf 92' lang='lat' dir='ltr'>ob-</span> 
     </span>
     <span class='ocr_line' id='line_1_113' title="bbox 977 2863 1827 2904; baseline -0.002 -8"><span class='ocrx_word' id='word_1_730' title='bbox 977 2875 1080 2899; x_wconf 80' lang='lat' dir='ltr'>servat</span> <span class='ocrx_word' id='word_1_731' title='bbox 1105 2869 1285 2899; x_wconf 80' lang='lat' dir='ltr'>Corvinum</span> <span class='ocrx_word' id='word_1_732' title='bbox 1309 2867 1347 2896; x_wconf 85' lang='lat' dir='ltr'>ab</span> <span class='ocrx_word' id='word_1_733' title='bbox 1371 2866 1490 2896; x_wconf 88' lang='lat' dir='ltr'>Ovidio</span> <span class='ocrx_word' id='word_1_734' title='bbox 1512 2865 1714 2904; x_wconf 88' lang='lat' dir='ltr'>appellatum</span> <span class='ocrx_word' id='word_1_735' title='bbox 1730 2863 1827 2894; x_wconf 83' lang='lat' dir='ltr'>fuisse</span> 
     </span>
     <span class='ocr_line' id='line_1_114' title="bbox 978 2909 1825 2949; baseline -0.005 -9"><span class='ocrx_word' id='word_1_736' title='bbox 978 2910 1065 2949; x_wconf 86' lang='lat' dir='ltr'>Ibin,</span> <span class='ocrx_word' id='word_1_737' title='bbox 1094 2923 1137 2943; x_wconf 74' lang='lat' dir='ltr'>ex</span> <span class='ocrx_word' id='word_1_738' title='bbox 1154 2914 1220 2942; x_wconf 82' lang='lat' dir='ltr'>avis</span> <span class='ocrx_word' id='word_1_739' title='bbox 1236 2911 1391 2946; x_wconf 80' lang='lat' dir='ltr'>foeditate,</span> <span class='ocrx_word' id='word_1_740' title='bbox 1405 2909 1460 2938; x_wconf 87' lang='lat' dir='ltr'>cui</span> <span class='ocrx_word' id='word_1_741' title='bbox 1475 2916 1621 2938; x_wconf 74' lang='lat' dir='ltr'>ventrem</span> <span class='ocrx_word' id='word_1_742' title='bbox 1637 2912 1734 2937; x_wconf 88' lang='lat' dir='ltr'>rostro</span> <span class='ocrx_word' id='word_1_743' title='bbox 1752 2916 1825 2946; x_wconf 90' lang='lat' dir='ltr'>pur-</span> 
     </span>
     <span class='ocr_line' id='line_1_115' title="bbox 976 2949 1826 2994; baseline -0.008 -9"><span class='ocrx_word' id='word_1_744' title='bbox 976 2965 1048 2994; x_wconf 87' lang='lat' dir='ltr'>gare</span> <span class='ocrx_word' id='word_1_745' title='bbox 1064 2955 1212 2985; x_wconf 88' lang='lat' dir='ltr'>insitum.</span> <span class='ocrx_word' id='word_1_746' title='bbox 1259 2954 1331 2983; x_wconf 92' lang='lat' dir='ltr'>Hoc</span> <span class='ocrx_word' id='word_1_747' title='bbox 1349 2953 1433 2982; x_wconf 87' lang='lat' dir='ltr'>idern</span> <span class='ocrx_word' id='word_1_748' title='bbox 1460 2957 1593 2982; x_wconf 88' lang='lat' dir='ltr'>testatur</span> <span class='ocrx_word' id='word_1_749' title='bbox 1617 2951 1698 2980; x_wconf 89' lang='lat' dir='ltr'>Plin.</span> <span class='ocrx_word' id='word_1_750' title='bbox 1716 2950 1770 2980; x_wconf 89' lang='lat' dir='ltr'>lib.</span> <span class='ocrx_word' id='word_1_751' title='bbox 1793 2949 1826 2978; x_wconf 84' lang='grc'>8.</span> 
     </span>
     <span class='ocr_line' id='line_1_116' title="bbox 975 2994 1824 3037; baseline -0.009 -9"><span class='ocrx_word' id='word_1_752' title='bbox 975 3009 1046 3037; x_wconf 89' lang='lat' dir='ltr'>cap·</span> <span class='ocrx_word' id='word_1_753' title='bbox 1074 3000 1128 3029; x_wconf 79' lang='lat'>27.</span> <span class='ocrx_word' id='word_1_754' title='bbox 1157 2999 1213 3028; x_wconf 90' lang='lat' dir='ltr'>ubi</span> <span class='ocrx_word' id='word_1_755' title='bbox 1236 2998 1279 3026; x_wconf 88' lang='lat' dir='ltr'>sic</span> <span class='ocrx_word' id='word_1_756' title='bbox 1303 2995 1420 3025; x_wconf 82' lang='lat' dir='ltr'>habet:</span> <span class='ocrx_word' id='word_1_757' title='bbox 1446 2994 1552 3024; x_wconf 79' lang='lat' dir='ltr'>Simile</span> <span class='ocrx_word' id='word_1_758' title='bbox 1575 2994 1720 3032; x_wconf 81' lang='lat' dir='ltr'>quiddam</span> <span class='ocrx_word' id='word_1_759' title='bbox 1742 3001 1824 3021; x_wconf 83' lang='lat' dir='ltr'>mon·</span> 
     </span>
     <span class='ocr_line' id='line_1_117' title="bbox 973 3036 1826 3081; baseline -0.009 -10"><span class='ocrx_word' id='word_1_760' title='bbox 973 3041 1085 3071; x_wconf 68' lang='lat' dir='ltr'>stravit</span> <span class='ocrx_word' id='word_1_761' title='bbox 1098 3042 1130 3070; x_wconf 84' lang='lat' dir='ltr'>in</span> <span class='ocrx_word' id='word_1_762' title='bbox 1146 3040 1283 3081; x_wconf 68' lang='lat' dir='ltr'>AEgypto</span> <span class='ocrx_word' id='word_1_763' title='bbox 1299 3039 1374 3074; x_wconf 77' lang='lat' dir='ltr'>Ibis,</span> <span class='ocrx_word' id='word_1_764' title='bbox 1389 3048 1454 3076; x_wconf 81' lang='lat' dir='ltr'>quoe</span> <span class='ocrx_word' id='word_1_765' title='bbox 1467 3037 1556 3068; x_wconf 77' lang='lat' dir='ltr'>rostri</span> <span class='ocrx_word' id='word_1_766' title='bbox 1571 3036 1751 3066; x_wconf 76' lang='lat' dir='ltr'>aduncitate</span> <span class='ocrx_word' id='word_1_767' title='bbox 1767 3043 1826 3072; x_wconf 78' lang='lat' dir='ltr'>per</span> 
     </span>
     <span class='ocr_line' id='line_1_118' title="bbox 975 3079 1829 3122; baseline -0.009 -9"><span class='ocrx_word' id='word_1_768' title='bbox 975 3093 1041 3112; x_wconf 82' lang='lat' dir='ltr'>eam</span> <span class='ocrx_word' id='word_1_769' title='bbox 1058 3087 1182 3122; x_wconf 83' lang='lat' dir='ltr'>parte-m</span> <span class='ocrx_word' id='word_1_770' title='bbox 1205 3093 1236 3112; x_wconf 81' lang='lat' dir='ltr'>se</span> <span class='ocrx_word' id='word_1_771' title='bbox 1252 3081 1381 3120; x_wconf 83' lang='lat' dir='ltr'>perluit,</span> <span class='ocrx_word' id='word_1_772' title='bbox 1397 3081 1458 3120; x_wconf 67' lang='lat' dir='ltr'>qud</span> <span class='ocrx_word' id='word_1_773' title='bbox 1484 3080 1570 3110; x_wconf 80' lang='lat' dir='ltr'>reddi</span> <span class='ocrx_word' id='word_1_774' title='bbox 1589 3079 1721 3108; x_wconf 70' lang='lat' dir='ltr'>ciborum</span> <span class='ocrx_word' id='word_1_775' title='bbox 1734 3086 1829 3106; x_wconf 80' lang='lat' dir='ltr'>onera</span> 
     </span>
    </p>
   </div>
   <div class='ocr_carea' id='block_1_12' title="bbox 973 3119 1824 3157">
    <p class='ocr_par' dir='ltr' id='par_1_18' title="bbox 973 3119 1824 3157">
     <span class='ocr_line' id='line_1_119' title="bbox 973 3119 1824 3157; baseline -0.005 -2"><span class='ocrx_word' id='word_1_776' title='bbox 973 3126 1106 3157; x_wconf 70' lang='lat' dir='ltr'>maxime</span> <span class='ocrx_word' id='word_1_777' title='bbox 1121 3125 1243 3157; x_wconf 83' lang='lat' dir='ltr'>salubre</span> <span class='ocrx_word' id='word_1_778' title='bbox 1259 3129 1312 3155; x_wconf 75' lang='lat' dir='ltr'>est.</span> <span class='ocrx_word' id='word_1_779' title='bbox 1360 3124 1405 3155; x_wconf 88' lang='lat' dir='ltr'>Et</span> <span class='ocrx_word' id='word_1_780' title='bbox 1435 3123 1601 3155; x_wconf 88' lang='lat' dir='ltr'>Plutarch.</span> <span class='ocrx_word' id='word_1_781' title='bbox 1628 3121 1668 3151; x_wconf 86' lang='lat' dir='ltr'>de</span> <span class='ocrx_word' id='word_1_782' title='bbox 1689 3119 1772 3151; x_wconf 87' lang='lat' dir='ltr'>Iside</span> <span class='ocrx_word' id='word_1_783' title='bbox 1794 3120 1824 3151; x_wconf 66' lang='grc' dir='ltr'>ἃ</span> 
     </span>
    </p>
   </div>
  </div>
 </body>
</html>
