1948 3281
89 89 172 129 282

711 85 899 128 PERSII
932 84 1152 129 SATIRA
1182 86 1219 128 Ι.

85 184 120 209 tu
135 180 196 209 ista
213 178 307 226 etim
321 177 402 226 fifh,
425 176 600 224 &firm-⁹⁸⁶
615 175 766 231 Aspice
791 177 830 217 Sc
852 178 957 227 haec,
991 177 1024 217 si
1046 177 1153 218 forte
1170 175 1321 232 aliquid
1343 175 1552 220 decoctius
1574 176 1704 220 audis.
1728 178 1800 220 125

83 222 243 253 auscultas
254 228 409 260 quzapmm
421 220 599 259 perfectius.
614 235 716 274 Inde
738 237 929 288 vaporata
951 234 1078 275 lector
1100 234 1202 275 mihi
1226 235 1375 275 ferveat
1396 250 1517 277 aure:

84 266 168 296 Hinc
184 265 340 303 calefacta
364 263 503 293 auricula
524 273 598 303 erga

83 319 130 339 me
146 310 443 339 inardescatlecmr:
469 316 525 334 non
541 292 712 335 au-Non
734 291 801 331 hic
826 291 896 346 qui
920 291 962 331 in
985 292 1165 346 crepidas
1188 291 1409 333 Graiorum
1433 293 1567 335 ludere
1585 293 1709 350 gestit

84 360 152 401 {eu}
177 352 227 381 ille
253 352 305 390 qui
327 351 461 403 imp'ams
481 348 824 399 gau‘lelSordiduS,
860 348 900 389 ὅτ.
921 348 1036 389 lusco
1060 349 1131 404 qui
1155 349 1288 404 poscit
1309 348 1457 401 dicere,
1489 350 1616 402 lusce,

84 396 210 426 ‘molen'
234 397 347 424 ⁶⁰²⁶⁹⁰⁸
364 397 549 428 c-raecosum,
573 394 706 446 &Sese
728 405 906 461 aliquem
930 406 1124 458 credens3
1161 407 1263 448 Italo
1287 406 1399 462 quod
1422 407 1576 450 honore
1597 407 1782 464 supinus,

83 439 135 479 qai
150 437 255 468 coeliti
280 441 367 476 optat
389 437 497 471 dicere,
512 437 531 463 ὁ
547 444 594 463 co-

82 485 155 520 cles,
191 482 318 520 seipsum
351 479 504 508 [estimans
537 478 594 506 ali-
608 463 640 502 F
643 462 786 519 regerit
805 464 991 505 heminas
1015 464 1131 505 Arcti
1149 463 1300 506 AEdilis
1322 463 1485 520 iniquas
1504 480 1514 505 t

1725 468 1802 509 130

79 535 188 565 φανὴ·
221 525 294 563 quia
320 522 514 552 AEdtl'itfftem
537 530 592 559 88·
610 521 699 561 Nec
722 519 794 576 qui
817 520 942 562 abaco
966 536 1178 572 numeros,
1205 522 1244 563 δε
1267 531 1376 563 secto
1398 523 1439 563 in
1462 522 1623 577 pulvere
1645 533 1770 566 metas

80 579 150 598 rens
186 567 299 605 Armi,
342 564 515 602 superbiens
557 564 592 592 ob

82 611 305 652 Magistratum
323 609 353 637 in
366 607 474 644 Italia,
497 607 613 645 ruperit
629 608 770 638 dimidios
784 610 936 639 sextarios
949 611 1006 639 no'n
1021 611 1117 649 justae
1129 610 1361 652 magnitudinis.
1404 611 1455 641 Ne
1467 611 1559 642 etiam
1570 616 1654 653 legat
1667 624 1732 653 me,
1754 613 1805 653 qui

79 659 201 685 astutus
216 653 299 683 novit
313 652 448 681 deridere
470 654 558 679 notas
572 653 739 682 numerales
751 652 1045 684 Arithmeticorum

84 809 111 838 ά
138 808 231 838 alibi:
261 806 439 836 Eusebium
468 805 500 835 iu
524 804 709 843 Chroni003
735 806 763 834 ἀ
780 804 922 838 Quintil.

82 852 137 881 lib.
158 852 208 880 10.
236 850 291 879 ubi
308 850 347 878 de
364 848 505 888 legendis
523 848 690 878 formando
707 850 821 879 oratori
845 849 920 879 Poe-

81 897 120 924 tis
150 895 193 923 sic
221 893 336 922 habet:
376 893 450 921 Post
480 892 656 930 Homerum,
690 891 921 932 Aristophanes,

80 937 212 976 Eupolis
229 936 433 975 Cratinusque
442 934 601 974 proecipui.

125 980 247 1018 Palles]
268 979 346 1017 Vel,
376 988 479 1018 usque
506 979 544 1007 ad
573 978 727 1016 pallorem
756 978 922 1017 formidas,

80 1024 122 1054 ob
139 1024 212 1063 styli
227 1023 434 1052 acerbitatem
449 1033 456 1050 :
495 1021 558 1059 vel,
584 1031 683 1060 quem
701 1022 837 1060 legendo
854 1023 920 1062 pal—

75 1067 178 1098 lorem
204 1067 400 1096 contraxisti.

124 1111 197 1141 125.
231 1109 359 1146 Sifiirte
376 1107 510 1147 aliquid]
544 1107 608 1136 Vel
627 1107 707 1138 refer
721 1108 760 1138 ad
774 1108 919 1139 Persium

76 1155 116 1184 de
139 1163 172 1183 se
186 1153 319 1191 suisque
335 1153 475 1182 versibus
493 1151 636 1180 modeste
660 1152 857 1181 sentientem
889 1154 917 1182 <ie

74 1198 289 1236 loquentem:
314 1196 365 1224 vel
388 1196 467 1224 refer
491 1194 528 1223 ad
547 1194 730 1231 Lectorem‚
755 1202 791 1225 ut
807 1205 916 1225 sensus

74 1242 114 1271 sit
130 1252 136 1269 z
162 1242 188 1270 si
214 1238 347 1278 quidem
365 1245 400 1268 tu
426 1238 544 1268 melius
561 1238 730 1276 quidpiam
748 1239 866 1277 reperis
883 1240 916 1268 in

74 1284 154 1314 meis
171 1283 292 1318 Satiris,
316 1283 341 1311 si
367 1282 445 1321 quid
467 1280 637 1319 perfectius
653 1280 742 1310 audis
761 1282 789 1310 ἀ
804 1282 913 1311 audire

71 1327 176 1367 cupis,
201 1326 300 1366 quam
314 1326 378 1355 sint
394 1335 431 1354 ea
448 1334 505 1354 seu
522 1323 671 1362 Neronis,
694 1333 752 1354 seu
776 1325 912 1355 aliorum

72 1372 226 1408 carmina,
246 1379 317 1409 quae
334 1370 425 1398 velut
440 1367 550 1405 cruda,
573 1366 733 1405 affectata,
757 1369 784 1397 ἃ
803 1369 913 1398 incon-

70 1415 166 1444 cinna
183 1412 384 1452 reprehendi.
824 1416 830 1419 “

114 1456 293 1494 Decoctius]
319 1454 636 1492 Maturiorijud'icio,
651 1455 677 1483 ἃ·
694 1454 830 1494 longiori
846 1459 912 1485 arte

72 1510 109 1531 ac
136 1501 243 1531 studio
273 1499 485 1529 elaboratum.
533 1498 682 1537 Metaph.
710 1499 760 1527 vel
790 1500 806 1527 a
835 1498 911 1528 vino

72 1544 160 1584 quod
177 1543 215 1574 ad
237 1543 443 1572 dulcedinem
468 1542 642 1580 coquitur,
667 1541 717 1570 vel
739 1542 756 1570 a
778 1541 910 1579 liquori-

74 1588 147 1625 bus,
172 1587 227 1625 qui
245 1586 368 1615 reducti
384 1584 552 1615 bulliendo
574 1584 610 1613 acl
631 1584 755 1613 tertiam
772 1591 796 1613 α
816 1594 910 1623 quar—

71 1636 137 1661 tam
167 1637 292 1669 partem
320 1629 426 1658 multo
453 1628 526 1666 plus
546 1628 668 1656 babent
685 1627 814 1657 virium.
859 1626 910 1656 Sic

69 1673 226 1713 Virgilius
253 1671 354 1701 fertur
382 1671 478 1701 mane
504 1670 616 1700 solitus
642 1669 777 1700 condere
805 1679 912 1700 versus

72 1719 332 1756 quinquagen03‚
350 1716 510 1754 pluresve,
526 1722 608 1752 quos
621 1713 745 1752 vesperi
760 1714 798 1743 ad
813 1714 911 1743 denos

70 1766 129 1789 aut
144 1760 266 1789 circiter
284 1758 453 1798 redigebat.
501 1756 641 1789 Quintil.
656 1756 710 1786 lib.
728 1757 778 1786 11.
792 1767 862 1795 cap.
879 1759 911 1786 4.

70 1802 239 1833 Materiam
268 1801 334 1832 volo
355 1801 502 1840 primam,
526 1800 646 1839 inquii,
670 1808 733 1827 esse
755 1799 805 1830 vel
817 1801 911 1829 abun-

71 1846 253 1882 dantiorem,
291 1845 340 1875 vel
375 1846 459 1874 ultra
497 1844 588 1882 quam
619 1848 756 1881 oporteat
777 1842 887 1880 fusam
902 1855 911 1871 .-

69 1891 195 1919 multum
209 1890 278 1918 inde
295 1889 460 1927 decoquent
477 1886 564 1924 anni,
587 1888 711 1915 multum
728 1887 806 1916 ratio
820 1887 910 1916 lima-

69 1933 126 1971 hit,
148 1932 268 1971 aliquid
280 1934 327 1961 rel
341 1933 404 1970 ipso
419 1941 473 1961 usa
489 1930 650 1959 ‹leteretur.

117 1976 190 2006 126.
217 1976 293 2005 Inde
317 1974 480 2013 vaporata]
506 1973 557 2003 Ex
579 1973 718 2002 lectione
744 1973 909 2012 supradic-

72 2025 182 2050 torum
202 2020 365 2048 l’o'e'tarum
393 2027 484 2048 mens
510 2017 635 2046 lectoris
660 2016 800 2046 excitata
817 2017 845 2046 <Sc
863 2017 910 2046 in-

71 2063 238 2094 flammata
252 2062 291 2092 ad
306 2071 393 2091 meas
409 2060 524 2091 deinde
540 2058 691 2099 legendas
708 2059 824 2089 Sauras
839 2069 911 2100 pro-

74 2107 163 2137 clivis
177 2108 204 2136 δι’
219 2105 338 2136 fervida
354 2105 422 2135 fiat.

71 2149 187 2190 virgil.
200 2148 326 2180 AEneid.
345 2151 356 2179 1
368 2151 394 2178 1.

144 2193 191 2225 Et
208 2194 349 2231 templum
366 2190 453 2221 thure
467 2193 617 2230 vaporant

118 2238 193 2267 127.
217 2236 289 2266 Non
305 2234 368 2273 hic]
393 2235 444 2265 Ne
464 2235 488 2263 is
513 2235 593 2264 mihi
617 2234 717 2263 lector
733 2235 910 2274 contingat,

74 2280 133 2320 qui
157 2280 230 2310 cum
260 2279 360 2309 animi
383 2279 460 2308 vitia
487 2278 521 2307 in
538 2277 740 2315 Philosophis
767 2280 794 2308 ὃ(
811 2279 911 2309 doctis

74 2323 165 2354 nulla
179 2321 401 2363 deprehendat
413 2320 585 2360 arguenda,
608 2326 784 2351 externum
798 2331 911 2352 eorum

72 2366 220 2397 habitum
238 2366 351 2396 saltem
365 2364 492 2395 irridere
505 2370 594 2394 amat
607 2364 633 2393 &
648 2363 834 2394 delectatur.

119 2409 284 2450 Crepidas]
318 2409 443 2438 Gellius
465 2408 521 2437 lib.
542 2409 591 2437 13.
615 2416 687 2445 cap.
703 2408 756 2438 20.
778 2409 821 2437 ait
845 2418 910 2438 cre-

74 2452 162 2493 pidas
178 2454 195 2483 a
213 2452 366 2483 Romanis
387 2452 486 2481 soleas
501 2450 577 2488 dici,
602 2451 630 2480 &
648 2451 805 2481 soleatum
824 2452 909 2482 ince-

73 2496 148 2526 dere
162 2497 252 2527 velut
269 2500 365 2535 turpe
379 2497 502 2525 crimen
514 2494 611 2532 objici
624 2493 769 2524 solitum.

72 2538 121 2574 Et,
131 2539 243 2570 Horat.
264 2539 320 2569 lib.
340 2541 368 2569 1.
393 2539 457 2568 Sat.
475 2539 507 2568 3.

123 2582 250 2621 Sapiens
261 2581 399 2622 crepidas
408 2581 466 2611 sibi
479 2589 641 2620 nunquam,
651 2590 706 2610 nec
715 2580 913 2619 soleas-fecit.

72 2624 200 2665 Proprie
220 2626 348 2663 crepida
360 2630 409 2654 est
429 2625 690 2655 calceamentum
706 2625 853 2655 Tuscum
870 2627 909 2657 ad

69 2669 168 2710 pedes
184 2668 321 2707 corrigiis
343 2668 554 2708 subligatum,
578 2667 667 2708 quod
694 2668 905 2707 Philosopho-

69 2722 143 2743 rum
166 2712 263 2742 etiam
286 2712 456 2750 proprium
479 2711 592 2750 fuisse,
619 2711 704 2741 testis
726 2711 813 2742 idem
828 2712 905 2742 Gel-

66 2756 140 2787 lius.

113 2799 175 2834 Qui
193 2799 225 2829 in
248 2798 388 2838 crepidas
402 2796 565 2828 Graiorum
588 2799 691 2828 ludere
711 2798 823 2840 gestit]
847 2799 906 2830 Per

65 2852 120 2873 eos
149 2843 208 2882 qui
237 2841 426 2872 Graecorum
452 2842 594 2880 crepidas
620 2842 762 2881 irrident,
786 2843 905 2873 intelli-

65 2891 150 2925 gunt
172 2884 270 2925 vulgo
296 2894 350 2915 eos
372 2884 534 2921 homines,
558 2885 615 2922 qui
634 2885 905 2925 Philosophorum

64 2929 171 2961 studia
194 2935 296 2968 atque
318 2927 467 2958 instituta
483 2927 665 2966 negligunt,
691 2930 718 2958 Sc
745 2930 803 2967 qui
819 2929 907 2959 Grae-

65 2981 177 3003 corum
191 2972 396 3013 elegantiam
418 2974 656 3000 contemnunt:
681 2972 771 3009 quod
795 2973 906 3003 confir-

62 3022 151 3046 mare
174 3015 302 3045 videtur
323 3022 388 3044 vox
418 3021 568 3051 sequens,
590 3013 740 3044 sordidus.
765 3037 768 3040 .
790 3015 906 3046 Malim

63 3067 124 3098 ego
149 3067 226 3089 cum
254 3057 449 3099 quibusdam
475 3056 674 3096 interpretari
698 3057 739 3086 de
765 3058 907 3097 Nerone,

966 818 1065 847 quern
1086 808 1138 849 (ut
1153 810 1196 839 ait
1214 809 1348 839 Sueton.
1372 809 1406 839 in
1422 808 1552 840 Nerone
1567 819 1636 848 cap.
1648 808 1716 849 52.)
1734 820 1802 842 ma.

966 857 1013 881 ter
1029 852 1046 881 ὲ
1071 853 1277 892 Philosophia
1304 853 1431 890 avertit,
1455 863 1592 883 monens
1607 853 1801 893 imperaturo

965 896 1156 926 contrariam
1181 906 1260 934 esse,
1282 895 1411 925 Tullius
1431 902 1542 927 autem
1558 897 1589 925 2.
1606 896 1646 926 de
1661 897 1751 927 Orat.
1771 899 1800 928 ὅ(

965 938 1052 976 alibi,
1075 941 1150 969 satis
1178 940 1287 969 innuit
1303 938 1451 969 Romanis
1468 940 1591 969 odiosos
1611 939 1711 970 fuisse
1727 940 1800 971 Phi-

965 981 1131 1020 losophos,
1155 982 1282 1012 fortasse
1299 982 1350 1011 vel
1366 983 1406 1011 ob
1424 983 1484 1012 hoc
1498 982 1587 1022 quod
1601 992 1703 1021 opum
1726 993 1799 1014 sua-

965 1024 1086 1055 debant
1112 1031 1355 1064 contemptum,
1378 1035 1457 1064 quas
1484 1026 1574 1055 avide
1599 1026 1801 1057 sectabantur

966 1067 1022 1097 illi.
1068 1068 1154 1098 Vide
1171 1070 1234 1099 Sat.
1254 1071 1283 1098 ἴ).
1308 1078 1371 1098 ver.
1390 1070 1517 1098 ultimo.

1009 1111 1079 1141 128.
1096 1111 1256 1150 Sordidus]
1281 1111 1344 1140 Vel
1360 1121 1416 1150 per
1432 1112 1538 1141 sordes
1554 1112 1716 1143 avaritiam
1734 1112 1799 1143 Ro-

965 1164 1136 1185 rnanorum
1155 1162 1246 1185 notat
1262 1155 1396 1193 Persius,
1420 1155 1472 1184 vel
1486 1155 1671 1194 neglectum
1691 1157 1799 1187 cultris

963 1200 1142 1237 exterioris,
1167 1209 1266 1237 quem
1294 1199 1444 1228 nonnulli
1461 1198 1570 1228 Romae
1592 1197 1799 1238 affectabant,

962 1248 996 1269 ut
1012 1242 1084 1272 inde
1099 1242 1282 1281 praeferrent
1296 1242 1430 1271 militare
1443 1242 1555 1272 robur:
1581 1241 1669 1281 quod
1682 1242 1798 1274 iterum

961 1283 1084 1315 Persius
1110 1293 1215 1316 noster
1238 1286 1382 1321 damnat,
1406 1284 1470 1314 Sat.
1483 1286 1514 1315 3.
1542 1283 1599 1314 ubi
1624 1292 1719 1316 vocat
1744 1295 1799 1316 eos

959 1327 1112 1358 hirtosam
1138 1333 1266 1368 gentem
1285 1328 1536 1358 Ceniurionum.
1583 1327 1658 1366 Vel,
1682 1329 1708 1358 si
1729 1339 1797 1359 ma·

959 1371 1017 1407 vis,
1053 1373 1196 1412 intellige
1224 1372 1324 1411 plebis
1341 1371 1580 1411 ⁴ignorantiam,
1613 1380 1713 1410 quam
1743 1372 1797 1403 hic

958 1423 1105 1452 opponat
1118 1415 1383 1453 Philosophorum
1400 1414 1550 1444 doctrinae
1568 1415 1596 1444 δε
1614 1414 1800 1455 eruditioni,

958 1466 1030 1495 quae
1048 1459 1202 1497 imperitis
1218 1458 1354 1488 ludibrio
1371 1458 1515 1487 habetur.

999 1501 1044 1530 Et
1072 1501 1154 1531 lusco
1183 1502 1235 1541 qui
1254 1500 1366 1540 poscit,
1393 1500 1460 1539 age]
1486 1502 1601 1540 Apage
1625 1501 1722 1531 etiam
1746 1511 1797 1532 ca-

957 1544 1137 1575 chinnones
1154 1545 1222 1574 illos
1239 1545 1357 1581 tatum,
1381 1545 1438 1582 qui
1467 1544 1624 1574 naturalia
1638 1542 1714 1574 vitia
1737 1554 1795 1575 ex-

956 1587 1121 1627 probrant,
1145 1598 1217 1627 quae
1244 1595 1356 1617 tamen
1380 1586 1506 1616 nemini
1530 1588 1643 1626 probro
1660 1597 1727 1618 esse
1741 1588 1798 1618 de-

957 1631 1046 1660 bent.
1094 1632 1218 1661 Luscus
1244 1641 1336 1669 porro
1355 1629 1509 1670 significat
1525 1639 1602 1660 eum
1619 1631 1672 1660 cui
1695 1631 1796 1662 imbe-

956 1674 1028 1703 cilla
1044 1682 1090 1704 est
1103 1675 1273 1704 oculorum
1287 1674 1387 1703 affies:
1413 1673 1546 1712 ponitur
1558 1675 1585 1703 ,33
1602 1683 1659 1712 pro
1669 1674 1798 1713 coclite,

956 1726 995 1746 eo
1011 1717 1130 1757 nempe
1156 1718 1214 1756 qui
1238 1717 1337 1747 altero
1364 1722 1412 1746 est
1435 1718 1532 1746 oculo
1557 1722 1682 1756 captus.
1717 1718 1796 1755 ,Alii

955 1759 1081 1800 legunt,
1100 1762 1210 1800 passit.

1004 1806 1073 1836 129.
1088 1805 1158 1833 Sese
1173 1804 1305 1844 aliquem
1320 1803 1456 1842 eredens]
1480 1803 1603 1843 Aliquo
1616 1810 1718 1834 semet
1732 1804 1794 1835 ho-

957 1856 1035 1877 nore
1051 1848 1186 1888 ‹lignum
1204 1857 1245 1877 aes
1263 1849 1376 1877 inianS.
1423 1847 1552 1886 Legunt
1567 1847 1633 1885 alii,
1656 1856 1718 1876 sese
1732 1847 1793 1877 ali-

955 1890 1029 1928 qui<
1040 1893 1164 1920 exedens
1175 1902 1184 1920 .·
1209 1892 1296 1930 quod
1309 1889 1441 1930 perinde
1451 1890 1578 1929 elegans
1590 1898 1649 1927 est,
1663 1891 1690 1920 ἀ
1707 1890 1793 1922 idem

954 1940 1056 1964 sonat.

997 1976 1080 2006 Italo
1096 1978 1176 2017 quod
1187 1977 1310 2016 honore]
1346 1977 1396 2006 Εὸ
1421 1975 1509 2016 quod
1535 1975 1667 2005 functus
1696 1974 1795 2008 fuerit

955 2020 1064 2059 aliquo
1093 2022 1280 2061 Magistratu
1309 2020 1434 2058 infimo,
1456 2020 1609 2049 nimirum
1636 2017 1794 2060 Edu-atu,

954 2064 987 2092 in
1001 2065 1142 2102 quodam
1158 2065 1175 2093 ὲ
1189 2065 1369 2102 municipiis
1382 2063 1490 2093 italie.

997 2107 1145 2146 Supinas]
1170 2108 1325 2147 Superbia
1351 2106 1454 2137 elatus
1476 2108 1503 2136 &
1530 2106 1581 2136 sui
1604 2105 1708 2137 factus
1733 2107 1793 2137 im-

955 2159 1082 2181 memor
1096 2152 1137 2181 ob
1153 2152 1311 2181 honorem
1327 2151 1433 2181 illum.
1477 2149 1609 2190 Supinas
1624 2150 1752 2189 proprie
1768 2150 1794 2182 is

955 2193 1085 2233 dicitur,
1109 2193 1167 2234 qui
1192 2195 1285 2224 dorso
1311 2195 1504 2224 incumbens
1525 2193 1649 2223 coelurn
1664 2194 1789 2232 aspicit.

956 2237 1052 2267 Unde
1069 2238 1220 2268 nonnulli
1235 2238 1498 2277 interpretantur,
1513 2236 1624 2275 otiose,
1640 2237 1794 2276 molliter,

955 2281 983 2310 ὅ(
1001 2280 1136 2311 delicate
1149 2282 1259 2311 vivens
1273 2293 1279 2310 ε
1304 2281 1356 2311 sed
1373 2281 1479 2311 minus
1491 2280 1614 2310 arridet.

1000 2325 1071 2355 130.
1109 2324 1247 2365 Fregerit
1284 2323 1433 2362 heminas]
1479 2322 1598 2353 AEdiles
1619 2323 1792 2357 *mensuris

955 2375 1122 2407 pateram,
1147 2369 1174 2398 δι
1203 2369 1330 2407 iniquas
1345 2367 1545 2406 frangebant.
1589 2365 1678 2397 Tull.
1696 2366 1727 2394 2.
1751 2365 1793 2395 de

954 2411 1106 2451 Legibus.
1153 2412 1308 2443 Juvenal.
1335 2412 1400 2441 Sat.
1434 2411 1483 2439 10.
1505 2418 1571 2438 ver.
1589 2409 1661 2438 102.
1705 2407 1791 2438 Tur-

956 2455 1030 2485 neb.
1046 2455 1101 2485 lib.
1117 2455 1168 2486 29.
1185 2464 1254 2494 cap.
1268 2454 1322 2484 20.

996 2497 1160 2537 Heminas]
1198 2497 1329 2527 Hemina
1345 2503 1393 2528 est
1407 2505 1563 2528 mensurat
1580 2502 1681 2532 genus
1696 2493 1790 2524 dimi-

953 2541 1045 2571 dium
1063 2541 1191 2572 sextarii
1206 2542 1385 2571 continens.
1430 2540 1562 2571 Ponitur
1572 2537 1627 2567 hic
1640 2547 1698 2576 pro
1710 2546 1790 2576 qua-

954 2584 1033 2615 libet
1048 2594 1208 2615 mensura.
1254 2584 1333 2615 Plin.
1351 2585 1406 2615 lib.
1422 2584 1476 2614 21.
1491 2592 1564 2622 cap.
1582 2581 1712 2620 ultimo,
1729 2581 1789 2610 he-

954 2627 1051 2658 minae
1068 2629 1270 2658 mentionem
1287 2627 1374 2658 facit.

991 2671 1097 2711 Arcti]
1120 2671 1271 2709 Aretium,
1303 2681 1392 2702 nune
1419 2671 1546 2707 Arene,
1569 2668 1705 2699 Etruria:
1730 2677 1787 2708 op-

949 2714 1066 2753 pidum
1081 2715 1161 2744 vasis
1174 2714 1325 2745 fictilibus
1339 2714 1505 2754 quondam
1521 2713 1658 2744 celebre.

950 2757 1090 2788 Martial.
1105 2758 1160 2788 lib.
1180 2759 1229 2789 14.
1257 2758 1455 2798 Epigramm.
1472 2756 1524 2786 98.

1034 2801 1164 2831 Aretina
1179 2800 1269 2830 nimis
1282 2810 1319 2830 ne
1331 2810 1457 2839 spernas
1471 2808 1544 2828 vasa
1559 2808 1724 2838 monemus,

1035 2844 1156 2875 Lautus
1169 2849 1236 2873 erat
1256 2843 1360 2874 Tuscis
1372 2843 1507 2872 Porsena
1508 2841 1672 2880 fictilibus.

951 2888 1038 2918 Sunt
1064 2888 1121 2927 qui
1150 2888 1272 2927 legant,
1293 2886 1410 2924 Eretis,
1433 2885 1522 2925 quod
1549 2885 1709 2926 oppidum
1738 2890 1787 2916 est

951 2931 1161 2962 Sabinorum.

996 2975 1070 3004 131.
1092 2974 1161 3004 Nec
1177 2974 1230 3012 qui
1240 2972 1350 3012 abaco]
1375 2972 1444 3003 Nec
1457 2972 1602 3012 denique
1617 2980 1695 3002 eum
1710 2969 1786 3000 volo

950 3018 1120 3055 lectorem,
1153 3016 1211 3056 qui
1239 3017 1346 3047 doctas
1375 3022 1456 3046 artes
1485 3020 1686 3056 aspernatur,
1712 3023 1740 3043 v.
1757 3022 1787 3052 g,

950 3061 1122 3101 descriptos
1143 3061 1180 3093 in
1194 3061 1293 3092 abaco
1319 3068 1469 3092 numeros
1485 3060 1525 3090 ab
1541 3055 1766 3089 Arithmeticis
1785 3085 1795 3102 ·.
