1948 3281
585 104 924 149 JUVENALIS
962 104 1181 150 SATIRA
1218 106 1297 152 VI.

103 197 311 244 Praebebit
332 196 412 241 vati
437 196 623 239 crebrum
648 213 875 255 poppysma
898 199 1073 256 roganti.

101 257 312 302 Divitibus
336 269 526 312 responsa
547 256 657 298 dabit
681 258 814 313 Phryx
837 271 980 314 augur,
1007 257 1047 298 &
1069 256 1164 299 inde

103 315 348 357 Conductus
371 313 482 355 dabit
504 323 704 356 astrorum
727 314 957 370 mundique
980 314 1157 370 peritus:
1211 315 1266 356 58

100 375 243 428 Atque
264 371 409 428 aliquis
434 372 583 423 senior,
608 373 678 429 qui
701 372 863 428 publica
884 372 1045 429 fulgura
1064 372 1222 414 condit.

103 429 311 471 Plebeium
335 431 376 471 in
400 429 509 471 circo
534 430 713 485 positum
736 439 810 481 est,
838 430 877 471 Sc
899 429 941 471 in
963 444 1106 487 aggere
1128 431 1275 472 fatum.

100 488 211 544 Quae
232 486 354 528 nudis
376 487 551 543 longum
572 488 752 529 ostendit
775 487 999 530 cervicibus
1020 503 1182 539 aurum,

1752 108 1828 156 117

1307 206 1471 238 scrutanti.
1517 204 1563 236 At
1578 205 1729 245 opulentis
1743 206 1822 237 vati-

1309 251 1389 280 cinia
1399 250 1534 290 proferet
1550 249 1703 288 Phrygius
1719 249 1823 287 Vates,

1273 316 1289 336 Γ
1306 293 1439 333 proferet
1457 302 1572 332 quoque
1587 292 1676 322 illinc
1691 292 1826 322 mercede

1270 331 1292 355 δ
1308 337 1471 366 accersitus
1502 336 1604 366 sidera
1634 337 1656 374 ξς
1683 336 1823 364 mundum

1309 390 1501 420 cognoscens,
1515 380 1638 418 quidam
1664 379 1757 408 etiam
1777 386 1826 405 ve-

1311 422 1404 461 tulus,
1437 423 1490 462 qui
1512 423 1670 452 abscondit
1685 421 1828 459 fulmina

1310 467 1489 497 communia.
1531 465 1750 503 Plebis-fatum
1762 465 1828 493 stat

1311 510 1341 539 in
1359 511 1438 540 circo
1451 513 1544 548 atque
1559 509 1590 539 in
1604 518 1727 549 aggere.
1754 508 1828 542 Quoe

102 545 300 587 Consulit
321 554 414 586 ante
438 546 599 596 l'halas,
622 545 1012 602 Delphiuorumque
1033 546 1247 587 columnas
1268 561 1278 587 ι
1311 554 1509 584 nudatocollo
1519 552 1682 593 oblongum
1694 555 1833 582 ostentat

101 603 175 645 Au
199 617 293 659 saga
315 602 506 645 vendenti
529 604 673 655 nubat,
697 618 882 658 caupone
905 602 1060 645 relicto.

104 662 189 702 Hae
213 670 350 702 tamen
377 662 417 703 δι
439 662 576 716 partus
597 661 774 703 subeunt
796 660 1032 713 discrimen,
1058 661 1098 703 δε
1118 676 1264 703 omnes

103 718 294 761 Nutricis
319 719 506 771 tolerant,
530 720 695 760 fortuna
716 727 901 775 urgente,
926 718 1097 761 labores.

105 776 186 818 Sed
201 775 313 832 jacet
335 786 472 818 aurato
495 776 561 818 vix
584 777 665 818 ulla
687 791 878 832 puerpera
901 775 1021 818 lecto.

100 834 289 875 Tantum
310 843 412 875 artes
434 834 572 890 hujus,
598 837 762 876 tantum
786 833 1060 876 medicamina
1083 844 1272 891 possunt,

1215 604 1299 645 590
1311 607 1429 636 aurum,
1462 595 1620 626 consilium
1647 595 1731 634 capit
1757 599 1830 625 ante

1312 639 1429 670 Phalas
1446 642 1468 678 ξς
1484 638 1639 669 columnas
1659 637 1838 678 Delphivm--

1312 694 1388 722 rum,
1400 687 1499 713 utrum
1509 683 1624 713 debeat
1630 692 1698 712 cum
1706 683 1832 722 sagari·

1312 727 1488 767 conjugium
1502 726 1590 765 inire,
1598 726 1719 756 dimisso
1732 725 1833 754 taber-

1312 770 1410 801 nario.
1465 767 1670 799 Nihilomimis
1706 769 1773 798 ietoe
1809 771 1833 808 ς·

1308 814 1454 852 pariendi
1470 813 1638 852 pericnlum
1661 813 1833 850 incurrunt,

1316 859 1338 896 ξς
1355 860 1480 886 cunctas
1490 856 1611 886 altricis
1621 855 1777 885 molestias
1775 855 1832 893 se-

105 892 217 949 Quae
233 891 384 933 steriles
402 891 515 944 facit,
531 902 653 948 atque
675 891 845 934 homine
862 891 926 933 sin
946 901 1084 934 ventre
1097 893 1304 935 necandos
1317 903 1400 938 runt,
1421 898 1744 951 premente-fortuna.
1790 898 1836 927 At

109 950 336 991 Conducit.
382 950 527 991 Gaude
540 949 698 1003 infelix,
716 959 838 1007 atque
858 949 943 1005 ipse
959 949 1184 992 bibendum
1221 951 1304 993 596
1319 947 1428 974 aurato
1438 941 1652 981 cubzlzalzqua
1665 951 1834 981 raropuer-

111 1007 274 1064 Porrige
296 1007 497 1064 quidquid
519 1008 619 1050 erit:
658 1023 754 1050 nam
779 1008 812 1049 si
836 1008 1063 1049 distendere
1084 1009 1220 1061 vellet,

106 1066 163 1106 Et
183 1080 325 1107 vexare
346 1075 508 1107 uterum
532 1065 665 1122 pueris
689 1065 943 1118 salientibus,
972 1080 1080 1107 esses

1316 996 1394 1026 pera
1410 985 1570 1016 decumbit.
1616 984 1702 1015 Adeo
1728 985 1836 1015 valent

1322 1034 1417 1068 artes,
1431 1029 1506 1059 adea
1520 1028 1737 1058 medicamenta
1753 1028 1836 1058 illius

1323 1084 1389 1113 quoe
1408 1073 1511 1103 reddit
1524 1072 1730 1111 infoecundas,
1744 1070 1836 1101 homi-

1324 1126 1434 1156 nesque
1470 1117 1502 1146 in
1539 1120 1626 1145 utero
1650 1115 1840 1154 perimendos

106 1163 277 1198 comparat.
320 1159 375 1190 Tu
392 1160 466 1190 vero
481 1161 570 1190 miser
585 1162 699 1197 Zoetare,
720 1161 844 1200 ipseque
862 1161 1032 1200 potandum
1048 1162 1143 1192 uxori
1153 1161 1283 1201 propina
1298 1161 1495 1201 quodcunque
1510 1158 1627 1197 fuerit.
1671 1157 1796 1188 Etenim
1811 1158 1839 1188 εἰ

107 1206 229 1241 cuperet
251 1206 384 1233 ventrem
401 1203 533 1233 dilatare
549 1207 642 1242 atque
657 1208 806 1243 torquere,
822 1203 988 1242 infantulis
1002 1204 1355 1244 exilientibus‚jbrsita7t

109 1311 197 1350 quod
215 1312 411 1350 talosjacere
426 1312 477 1342 vel
493 1318 622 1343 tesseras
669 1335 676 1342 .
724 1335 731 1343 .
780 1335 786 1342 .
834 1314 862 1343 δε
880 1318 947 1343 tota

111 1364 158 1383 res
174 1354 302 1384 inventa
317 1355 446 1385 fallaciis
461 1361 518 1385 aut
529 1356 569 1385 ad
584 1361 760 1395 quaestum,
771 1361 827 1386 aut
841 1356 880 1386 ad
894 1366 947 1386 su·

108 1397 343 1436 persfflionem,
359 1405 417 1428 aut
429 1398 467 1427 ad
485 1409 635 1439 errorem,
652 1401 710 1430 Sec.
757 1399 844 1429 Vide
855 1400 946 1430 Suet.

108 1440 219 1470 Tiber.
239 1450 310 1480 cap.
328 1444 378 1472 14.
405 1443 434 1471 <Sc
458 1441 534 1472 Ner.
547 1444 684 1481 cap.2l.
731 1442 826 1472 Porro
851 1450 948 1473 sortes

109 1490 201 1513 erant
222 1485 355 1515 tessellae
382 1486 529 1524 quaedam
554 1492 611 1516 aut
635 1486 757 1516 taleolce
783 1485 950 1525 inscriptas

108 1526 264 1557 habentes
280 1530 468 1567 sententias,
484 1529 553 1559 aliae
571 1529 774 1567 felicitatem,
787 1530 952 1560 calamita-

110 1576 177 1599 tem
208 1571 275 1600 aliae
304 1572 535 1603 denuntiantes
572 1573 786 1603 mittebantur
824 1578 881 1603 aut
919 1573 953 1604 in

112 1622 239 1650 urnam,
270 1620 328 1644 aut
356 1617 389 1646 in
412 1616 565 1654 sitellam,
591 1623 648 1646 aut
674 1617 708 1646 in
734 1617 872 1657 galeam,
895 1617 953 1646 ὅτε.

112 1654 331 1687 Versebantur
345 1659 374 1687 Sc
391 1659 613 1689 educebantur
628 1669 730 1689 manu
744 1660 847 1698 pueri.
875 1659 952 1689 Tes-

114 1698 154 1728 tis
171 1698 285 1729 Cicero
299 1701 339 1731 de
352 1700 464 1731 Divin.
479 1701 565 1731 Vide
580 1703 724 1732 Turneb.
737 1703 793 1732 lib.
808 1704 839 1732 5.
857 1712 883 1732 c.
897 1703 950 1732 21.

113 1743 141 1771 Sc
155 1743 209 1781 23,
224 1744 251 1773 Sc
267 1744 320 1774 lib.
337 1744 390 1774 28.
409 1755 479 1785 cap.
498 1745 548 1775 16.
573 1746 725 1776 Alex.ab
737 1746 837 1776 Alex.
852 1745 909 1776 lib.
926 1748 954 1775 1.

112 1795 182 1824 cap.
203 1788 252 1816 13.
269 1788 331 1817 ace.

155 1829 358 1869 Frontemqae
371 1831 564 1870 manumque]
602 1832 700 1862 Sistet
713 1841 746 1861 se
759 1841 866 1862 coram
880 1830 953 1861 M'e-

114 1874 297 1912 toposcopis
322 1875 350 1903 &-
376 1875 593 1914 Chiroscopis,
616 1876 674 1914 qui
686 1875 704 1905 ὲ
717 1875 827 1905 frontis
840 1876 869 1905 δε
883 1884 954 1904 ma-

110 1925 220 1945 nuum
232 1917 433 1955 inspectione
445 1918 613 1957 divinant3
629 1919 706 1948 &iis
717 1917 953 1956 abblandietur‚

113 1964 151 1989 ut
176 1959 288 1989 futura
318 1960 377 1990 sibi
402 1962 570 2000 aperiant:
605 1971 665 1991 nec
690 1960 874 2001 rogantibus
897 1970 955 2000 pro

115 2003 262 2032 mercede
275 2012 455 2043 poppysma
470 2005 652 2044 denegabit.

157 2045 232 2076 588.
256 2046 444 2086 Poppysma]
477 2047 590 2078 Graece
607 2058 672 2078 vox
690 2046 816 2086 proprie
835 2045 954 2086 signifi-

114 2097 190 2118 cans
207 2098 285 2118 eum
299 2091 443 2121 sonitum
459 2092 517 2130 qui
538 2091 574 2121 fit
597 2091 711 2121 collisis
733 2090 840 2128 labris,
863 2095 901 2119 ut
925 2091 954 2118 δε

119 2131 237 2169 cupide
254 2132 449 2172 osculand03
478 2136 505 2164 δε
523 2135 586 2164 hoc
601 2143 696 2164 sensu
710 2133 787 2172 poni
800 2133 855 2163 hic
870 2133 956 2163 vide-

117 2179 189 2203 tur:
213 2174 435 2205 adulationem
452 2177 550 2206 etiam
566 2178 719 2217 designat.

159 2217 198 2246 58
206 2220 234 2247 4.
257 2217 363 2257 Phryx
378 2219 495 2259 augur]
532 2220 631 2250 Cicer.
658 2224 686 2250 1.
713 2220 753 2249 de
784 2218 896 2249 Divin.
919 2230 956 2250 n.

118 2260 171 2290 92.
189 2259 338 2300 Phryges,
361 2262 484 2301 Pisidae,
509 2263 636 2301 Cilices,
654 2265 681 2292 &
707 2262 853 2293 Arabum
870 2263 959 2292 natio

117 2303 229 2333 avium
240 2305 522 2343 significationibus
534 2306 710 2345 plurimum
723 2306 958 2343 obtemperant.

158 2346 206 2375 Et
217 2347 304 2385 inde]
337 2349 442 2388 Alias,
456 2349 568 2386 Indus,
582 2349 613 2378 id
628 2355 687 2386 est,
702 2348 915 2378 brachmanes
930 2349 959 2378 &

121 2389 413 2431 Gymnosophista,
429 2402 486 2422 seu
503 2393 655 2422 Indorum
673 2393 817 2432 Sapiens.

162 2433 236 2463 585.
259 2433 421 2465 Astrorum
435 2436 599 2475 mundique
609 2435 745 2474 peritus]
774 2435 962 2465 Mathema-

116 2475 200 2506 ticus
215 2478 243 2506 δε
257 2476 457 2518 Astrologus.

162 2519 239 2549 586·
267 2519 327 2553 Qui
335 2522 607 2562 publicafulgura
621 2521 741 2560 condit]
777 2521 960 2561 Fulgurum

122 2563 281 2602 expiator,
296 2574 333 2595 ea
351 2573 438 2596 terrae
455 2566 614 2595 infodiens
639 2567 667 2594 δε
688 2566 782 2594 humi
807 2565 960 2596 condens.

120 2604 204 2634 Vide
220 2606 302 2636 Pers.
317 2608 383 2637 Sat.
394 2610 426 2639 2.
443 2620 472 2638 v.
487 2609 540 2639 26.
555 2611 581 2638 3.-
597 2618 669 2647 quae
687 2618 743 2638 nos
758 2609 832 2638 ibid.

166 2648 240 2679 587.
267 2649 422 2681 Plebeium
439 2652 470 2681 in
487 2652 577 2690 circo,
601 2651 665 2690 ἔξω]
689 2651 824 2681 Plebeiae
842 2651 963 2682 mulie-

122 2700 170 2720 res
186 2692 300 2722 ariolos
316 2694 384 2724 illos
408 2695 426 2724 ὲ
449 2697 541 2726 trivio
557 2697 584 2725 ἃ
601 2695 618 2724 ὲ
633 2695 728 2731 circo,
751 2695 802 2724 vel
817 2695 961 2726 sedentes

121 2734 162 2763 ad
178 2744 327 2774 aggerem
343 2736 514 2778 Tarquinii
529 2739 703 2768 dumtaxat
717 2738 902 2770 consulunt.

167 2776 271 2817 Circo]
292 2779 378 2810 Vide
392 2783 458 2812 Sat·
475 2784 505 2812 3.
522 2783 559 2812 ad
577 2792 606 2810 v.
622 2782 674 2811 65.
689 2782 717 2811 &
733 2782 810 2811 2253.

165 2819 205 2849 In
219 2823 349 2861 aggere]
373 2824 453 2855 Urbs
466 2826 627 2855 clauditur
643 2825 682 2854 ab
699 2825 832 2855 Oriente
848 2835 962 2865 aggere

122 2862 295 2903 Tarquinii
317 2866 455 2905 Superbi
471 2869 552 2898 inter
570 2870 671 2907 prima
693 2878 790 2907 opere
804 2869 960 2907 mirabili3

122 2915 269 2946 namque
285 2918 362 2939 eum
377 2911 476 2940 muris
492 2913 644 2950 aequavit,
668 2912 733 2950 qua
747 2912 889 2941 maxime
908 2922 960 2950 pa-

122 2950 224 2988 tebat,
236 2950 326 2980 aditu
341 2952 449 2991 plano.
472 2954 554 2985 Plin.
567 2955 620 2984 lib.
634 2956 665 2985 3.
680 2964 750 2993 cap.
765 2956 796 2983 5.
822 2955 961 2985 Romam

125 2992 320 3024 describens.

169 3036 244 3066 588.
271 3036 344 3070 Quoe
359 3039 450 3068 nudis
463 3041 597 3080 longum,
619 3041 687 3081 astu]
724 3040 880 3071 Meretrix
895 3041 964 3071 sine

125 3079 249 3116 pudore
263 3081 386 3112 collum
402 3082 522 3112 nudare
535 3084 641 3123 solita,
665 3087 693 3114 δε
708 3085 788 3114 illud
804 3093 965 3114 exornans

124 3123 229 3152 aureis
240 3124 426 3165 monilibuS,
438 3126 601 3167 ariolatur,
615 3129 644 3158 δε
657 3127 900 3171 consulentibus
914 3137 964 3159 re-

991 1408 1063 1438 eap.
1078 1401 1110 1429 2.
1130 1399 1186 1429 ubi
1209 1399 1254 1429 sic
1279 1399 1320 1428 ‹le
1343 1398 1474 1428 Nerone
1501 1398 1668 1437 loquitur:

991 1312 1129 1351 spondet
1142 1313 1238 1343 etiam
1252 1313 1285 1343 in
1295 1313 1388 1343 circo.
1411 1310 1509 1345 Quod
1525 1317 1635 1342 autern
1651 1312 1831 1343 meretrices

992 1356 1024 1385 id
1047 1365 1182 1395 quoque
1207 1360 1404 1395 praestarent,
1434 1359 1523 1394 patet
1546 1364 1589 1385 ex
1613 1355 1693 1385 Plin.
1711 1354 1836 1386 lib.80.

1709 1397 1836 1428 Utinam

993 1443 1017 1480 ‹g-
1041 1442 1157 1481 inferos
1186 1445 1208 1480 625
1235 1451 1434 1481 quoscumque
1461 1441 1499 1470 de
1532 1440 1751 1480 suspicionibus
1779 1441 1842 1470 suis

995 1485 1078 1515 Deos
1092 1485 1286 1515 consuluisset
1294 1485 1401 1524 potitis
1414 1484 1506 1523 qudm
1522 1483 1720 1523 lupanaribus
1733 1485 1756 1522 85
1767 1494 1840 1522 pro-

995 1529 1114 1559 stitutis
1129 1528 1304 1559 manddsset
1317 1527 1527 1567 inquisitiones
1548 1536 1611 1565 eas,
1636 1528 1694 1557 ὥς.
1741 1527 1842 1557 Sorti-

997 1571 1142 1611 legarum
1160 1573 1258 1603 etiam
1274 1571 1363 1612 apud
1378 1571 1558 1601 Germanos
1575 1570 1748 1601 mulierum
1771 1579 1840 1600 me-

997 1616 1093 1646 minit
1107 1616 1299 1646 Plutarchus
1316 1616 1350 1645 in
1366 1615 1432 1645 vita
1448 1613 1485 1643 C.
1501 1613 1644 1644 Caesaris.
1672 1612 1718 1642 Ita
1731 1613 1842 1653 vulgo.

997 1658 1046 1688 At
1062 1659 1146 1690 certe
1161 1669 1229 1689 non
1244 1658 1329 1690 male
1345 1657 1478 1699 quidam
1495 1657 1622 1697 legunt,
1651 1655 1723 1690 Quae
1736 1655 1844 1695 nullis,

1000 1701 1060 1731 ἃς.
1076 1708 1113 1733 ut
1125 1708 1254 1732 notetur
1271 1701 1389 1732 mulier
1402 1700 1537 1740 plebeia.

1042 1746 1116 1777 589.
1155 1744 1239 1775 Ante
1262 1744 1393 1783 Pbalas]
1428 1742 1547 1774 Turres
1576 1742 1697 1782 ligneas
1724 1746 1843 1773 erectas

998 1788 1032 1817 in
1045 1789 1128 1818 circo
1143 1797 1202 1826 pro
1216 1788 1458 1828 spectatoribus.
1507 1786 1681 1816 Turnebus
1698 1785 1753 1816 lib.
1767 1787 1798 1816 ἱ).
1811 1795 1842 1816 c.

997 1831 1050 1860 23.
1066 1833 1094 1861 <Bc
1112 1831 1165 1861 lib.
1184 1831 1234 1860 18.
1253 1841 1324 1869 cap.
1337 1831 1389 1860 33.
1403 1830 1541 1860 Ennius.

1041 1874 1148 1903 Malos
1163 1872 1434 1912 diffindunt,fiunt
1451 1874 1592 1902 tabulata
1608 1870 1786 1910 Phalaeque.

1041 1915 1327 1956 Delplzinorumque
1343 1914 1512 1953 columnas]
1537 1915 1579 1944 Et
1595 1915 1674 1943 huic
1695 1915 1766 1943 loco
1790 1914 1844 1945 da-

998 1959 1046 1989 bit
1067 1961 1175 1990 lucem
1198 1959 1280 1989 Plin.
1303 1960 1358 1989 lib.
1375 1960 1427 1989 86.
1444 1969 1515 1998 cap.
1533 1959 1562 1987 5.
1578 1958 1633 1987 ubi
1657 1957 1699 1986 sic
1723 1956 1842 1987 habet:

997 2002 1036 2033 In
1065 2013 1180 2044 rizagua
1212 2002 1391 2043 dignatione
1422 2003 1479 2031 Cn.
1504 2000 1637 2030 Domitii
1662 1999 1784 2030 delubro
1808 2000 1842 2030 in

998 2046 1077 2076 circo
1095 2045 1244 2076 Flaminio
1259 2050 1347 2074 erant
1362 2042 1527 2083 Neptunus
1548 2044 1624 2081 ipse,
1645 2044 1668 2081 ξς
1689 2041 1802 2081 Thetis,
1820 2046 1843 2082 ts·

997 2089 1158 2128 Nereides,
1177 2099 1270 2128 supra
1292 2088 1460 2128 Delphinos
1484 2087 1632 2125 sedentes,
1655 2086 1776 2117 scilicet
1800 2096 1844 2116 ex

1002 2142 1173 2163 marmore.

1046 2177 1122 2206 590.
1145 2173 1248 2216 Saga]
1271 2174 1475 2205 Vestimenta
1491 2178 1568 2204 sunt
1581 2172 1739 2203 militaria.

1047 2218 1207 2258 Caupone]
1232 2218 1296 2248 Vel
1313 2228 1422 2258 proco,
1441 2218 1489 2247 vel
1507 2218 1611 2256 priore
1624 2216 1750 2245 marito.

1047 2263 1122 2293 591.
1146 2263 1204 2293 Hae
1228 2265 1327 2291 tamen
1343 2263 1365 2299 ᾀ·
1384 2265 1494 2301 partus
1516 2260 1643 2290 subeunt
1666 2258 1844 2298 discrimen]

1002 2304 1174 2336 Mediocris
1189 2306 1326 2335 fortunae
1343 2305 1493 2334 mulieres
1515 2305 1542 2333 δε
1566 2302 1691 2333 dolores
1709 2302 1843 2340 parturi-

1004 2348 1090 2379 endo
1109 2350 1136 2378 δι
1153 2350 1224 2379 vitae
1243 2348 1422 2387 periculum
1441 2348 1595 2383 subeunt,
1610 2344 1779 2382 editosque
1795 2345 1843 2374 in-

1004 2391 1109 2422 fantes
1125 2393 1200 2432 ipsae
1224 2393 1317 2422 alunt
1341 2401 1407 2421 non
1435 2391 1504 2420 sine
1528 2388 1651 2428 magnis
1674 2387 1843 2416 laboribus.

1004 2434 1131 2467 Divites
1156 2441 1269 2466 autem
1296 2434 1395 2475 (proh
1410 2431 1513 2471 nefas)
1539 2429 1697 2470 abigendo
1713 2435 1843 2469 partum

1005 2477 1055 2508 his
1069 2479 1284 2509 incommodis
1297 2487 1330 2507 se
1344 2477 1489 2506 liberant.

1050 2523 1123 2553 594.
1146 2521 1267 2560 Hujus]
1311 2519 1486 2557 Veneficae,
1511 2517 1562 2547 vel
1583 2516 1756 2546 obstetricis
1783 2517 1843 2547 im·

1006 2566 1125 2604 probae.

1049 2610 1124 2640 596.
1150 2608 1259 2640 Gaude
1274 2604 1402 2644 infelix]
1431 2603 1558 2634 Marite.

1050 2654 1122 2683 597.
1149 2650 1293 2690 Porrige]
1316 2649 1483 2678 Potionem
1498 2646 1679 2686 quamlibet
1693 2646 1843 2676 abortum

1006 2694 1153 2725 faciendo
1169 2695 1331 2724 idoneam.

1049 2738 1083 2767 Si
1098 2738 1281 2774 distendere,
1298 2734 1363 2774 55⁶²]
1389 2733 1423 2762 Si
1445 2733 1526 2763 ferre
1543 2738 1671 2763 uterum
1688 2733 1786 2763 vellet
1808 2741 1844 2763 ac

1031 2791 1129 2812 arere.

1007 2792 1027 2821 p
1052 2826 1123 2855 598.
1149 2822 1258 2853 Pueris
1269 2819 1464 2859 salientibus]
1490 2819 1527 2849 In
1554 2821 1661 2850 lucem
1687 2828 1728 2848 ex
1752 2823 1845 2850 utero

1005 2867 1259 2906 prodeuntibus3
1280 2865 1330 2895 vel
1342 2874 1374 2894 se
1387 2864 1592 2894 moventibus
1607 2863 1641 2892 in
1654 2867 1764 2892 ventre
1778 2870 1848 2890 rna-

1007 2917 1063 2940 tris

1048 2954 1141 2983 Esses
1156 2950 1454 2990 AEtlziopissortasse
1463 2949 1568 2990 paler]
1592 2948 1683 2978 Uxor
1712 2952 1768 2976 tua
1792 2957 1849 2987 pa·

1007 3003 1089 3026 reret
1103 2995 1264 3034 AEthiopis
1282 2995 1401 3024 moechi
1414 2995 1532 3029 filiurn,
1559 2993 1652 3028 cujus
1668 2995 1699 3019 te
1715 2996 1842 3028 patrem

1007 3050 1113 3078 gerere
1128 3044 1290 3079 oporteret
1303 3045 1427 3075 tamen,
1446 3038 1473 3066 ἃ
1487 3035 1666 3066 adulterino
1682 3033 1767 3063 bona
1783 3041 1845 3064 tra-

1010 3083 1084 3113 dere
1101 3092 1156 3123 per
1172 3089 1418 3118 testamentum,
1435 3080 1574 3108 dictante
1588 3076 1740 3106 nimirum
1756 3076 1853 3108 illum

1007 3127 1170 3158 haeredem
1185 3134 1310 3164 uxorc3
1335 3131 1371 3155 ut
1386 3123 1484 3163 supra
1499 3122 1622 3155 dictum
1639 3129 1668 3150 v.
1680 3119 1757 3151 218.
