1948 3281
65 92 153 133 348

663 90 854 135 PERSII
887 89 1107 135 SATIRA
1136 90 1220 136 VI.

54 181 278 220 ‹ffinsusquod
290 181 367 211 hona
384 182 783 239 lii²⁷21'n112n's,Negliget
805 182 947 235 iratus,
981 183 1093 238 quod
1118 197 1201 225 rem
1225 181 1442 224 curtaveris
1463 197 1473 223 ε
1513 195 1628 223 urnae

52 225 268 264 praetermittet
291 225 413 264 epulum
425 226 572 264 funebre,
587 240 647 282 OS

59 271 87 297 δι
112 268 146 296 in
170 277 276 297 urnam
297 270 405 298 condet
427 280 494 299 ossa
518 276 574 299 tua

651 255 693 281 sa
710 241 881 281 inodora
897 240 1009 282 dabit
1027 258 1036 292 ;
1074 256 1143 282 seu
1163 239 1316 295 spirent
1332 239 1523 281 cinnama
1539 239 1788 292 surdum,35

59 311 124 340 sine
154 311 306 350 odoribus,
345 312 457 349 facilis
488 314 573 353 igno-
588 298 668 338 Seu
692 312 829 337 ceraso
853 307 1026 353 peccent
1049 298 1169 340 casiae
1191 297 1346 338 nescire
1369 306 1546 351 paratus.

58 363 129 384 rare
152 354 215 385 sive
231 355 442 386 cinnamonum
457 357 578 386 emittat
597 355 714 385 odorem
730 355 880 395 obtusum,
900 357 965 387 sice
979 357 1064 388 cusia
1076 366 1181 392 ceraso
1196 357 1344 387 admixto
1358 355 1471 385 vitiata
1483 355 1533 386 sit.

61 591 187 623 tionem
220 592 437 623 Ethnicorum
470 593 553 622 tueri
586 598 691 632 potest
720 594 773 624 ille
805 595 906 624 locus.

60 634 240 665 Enimvero
254 636 342 675 apud
360 646 413 665 eos
430 646 523 665 coena
535 635 597 666 fuit
613 638 790 676 multiplex
809 639 836 667 cx·
854 648 905 667 va-

61 678 109 708 ria
123 679 156 707 in
179 679 358 708 funeribus.
410 682 437 708 1.
462 679 720 717 imponebantur
735 691 810 721 rogo
825 691 906 721 epu-

59 720 116 756 lae,
142 722 167 750 8.-
185 731 260 751 cum
275 722 426 752 cadavere
442 723 676 753 cremabantur.

62 762 173 804 virgil.
188 763 313 794 AEneid.
331 765 362 795 6.

416 807 572 849 Congesta
589 814 764 841 cremantur

154 850 273 880 Thurea
291 851 382 890 dona,
398 852 504 891 dapes,
510 852 589 890 fuso
603 858 733 884 crateres
744 854 836 885 otico.

62 893 228 932 Apuleius
252 894 372 924 Florid.
386 897 417 925 4.
442 896 495 925 vel
515 897 621 935 potius
642 898 692 928 19.
740 898 909 929 Exclama-

61 937 108 966 vit
134 937 232 966 vivere
255 937 414 977 hominem,
441 939 554 977 procul
577 940 666 980 ignes
696 941 911 981 amolirentur,

61 990 170 1020 rogum
195 980 423 1019 demolirentur,
438 992 564 1011 ‘coenam
579 982 717 1020 feralem
747 986 766 1014 a*
796 988 910 1016 tumulo

61 1024 108 1053 ad
129 1033 260 1053 mensam
276 1025 437 1060 inferrent.
484 1027 515 1055 2.
540 1026 697 1057 Funebris
713 1033 779 1058 erat
801 1038 909 1067 coena,

63 1068 117 1103 cuj
127 1077 160 1096 us
188 1068 338 1097 meminit
354 1067 483 1098 Tullius
497 1071 527 1098 2.
550 1070 590 1099 de
607 1070 686 1110 Leg.
714 1080 746 1100 n.
761 1071 812 1101 63.
839 1071 909 1102 haec

64 1110 219 1139 nimirum
248 1110 382 1141 dabatur
411 1113 520 1141 amicis
549 1112 578 1141 &
609 1114 812 1152 propinquis,
836 1121 910 1154 post

64 1154 234 1191 exequias,
259 1154 401 1184 maxime
430 1165 504 1184 vero
521 1156 652 1185 senibus
670 1157 698 1186 Sc
716 1163 810 1187 aetate
836 1168 908 1196 pro—

63 1197 177 1233 vectis,
194 1197 302 1235 inquit
321 1198 419 1227 Alex.
435 1198 474 1227 ab
488 1199 588 1229 Alex.
607 1199 681 1229 loco
696 1210 775 1230 mox
791 1201 908 1231 citato:

65 1246 103 1269 ut
132 1249 190 1278 per
217 1239 285 1269 vini
307 1241 440 1280 cibique
463 1242 610 1272 lenimen
635 1243 828 1273 desiderium
854 1244 910 1275 de-

62 1282 166 1312 functi
184 1283 354 1313 levaretur.
400 1285 432 1314 3.
458 1285 511 1315 Ad
527 1286 714 1324 sepulcrum
739 1297 833 1317 coena
855 1287 909 1318 de-

63 1326 261 1365 ponebatur,
284 1325 325 1356 de
348 1337 415 1366 qua
433 1328 587 1359 Juvenal.
604 1330 670 1359 Sat.
687 1332 716 1359 5.
733 1340 798 1360 ver.
814 1331 866 1361 85.

150 1368 284 1399 Ponitur
300 1370 542 1411 exiguaseralis
557 1382 642 1402 (ωηο
653 1372 790 1411 patelld.

61 1411 106 1441 Et
129 1412 199 1442 haec
224 1413 399 1443 vocabatur
419 1415 632 1454 silicernium,
656 1426 714 1446 seu
732 1416 820 1456 quod
836 1427 908 1449 earn

62 1454 193 1485 Umbrae
207 1456 338 1487 silentes
351 1464 532 1496 cernerent,
556 1468 613 1488 seu
628 1460 716 1498 quod
730 1469 773 1490 ex
790 1470 826 1490 ea
841 1471 907 1493 non

62 1501 242 1538 gustarent.
288 1500 427 1531 Sanctus
443 1503 650 1541 Augustinus
673 1502 775 1533 Serm.
795 1504 844 1534 15.
868 1505 909 1535 de

65 1541 203 1580 Sanctis,
228 1543 268 1572 eo
294 1545 435 1583 respexit
462 1545 536 1574 cum
563 1545 690 1576 aiebat:
729 1545 831 1576 Miror
855 1557 910 1578 cur

61 1585 148 1623 apud
162 1586 307 1624 quosdam
323 1586 461 1625 infideles
477 1592 541 1617 tam
560 1588 751 1626 perniciosus
765 1599 849 1620 error
863 1591 910 1620 in-

61 1629 205 1667 creverit,
229 1632 261 1657 ut
287 1639 378 1669 super
391 1632 520 1661 tumulos
545 1632 761 1669 defunctorum
782 1633 863 1663 cibos
885 1637 909 1673 ‘5'

60 1671 140 1701 vince
155 1671 329 1710 conferant,
352 1675 440 1712 quasi
453 1684 581 1715 egressae
597 1676 634 1704 de
655 1675 828 1714 corporibus
841 1678 908 1706 ani-

62 1723 119 1744 moe
133 1717 273 1745 carnales
287 1716 367 1746 cibos
383 1717 552 1756 requirant.
595 1718 718 1758 Epulas
732 1719 809 1749 enim
823 1721 846 1758 ξς
862 1730 907 1750 re-

51 1757 213 1795 fectiones
239 1768 310 1788 caro
327 1761 448 1789 tantum
464 1759 603 1799 requirit,
625 1761 752 1800 spiritus
767 1766 868 1792 autem
886 1765 909 1802 ‹g-

62 1802 167 1830 anima
184 1800 230 1832 his
245 1812 303 1832 non
318 1803 459 1844 indigent
473 1815 484 1831 .·
502 1813 619 1842 parare
635 1804 748 1844 aliquis
761 1805 824 1834 suis
838 1805 909 1837 cha-

61 1844 109 1874 ris
122 1845 210 1883 dicit,
233 1846 314 1884 quod
329 1845 392 1885 ipse
408 1848 545 1884 devorat,
562 1849 585 1884 ἐς
600 1848 682 1886 quod
692 1852 823 1886 proestat
838 1859 906 1879 ven-

65 1888 108 1917 tri
123 1888 393 1928 imputatpietati.
440 1890 663 1929 Superstitiosi
678 1891 816 1929 hujusce
833 1893 911 1924 ritus

66 1937 164 1961 restat
176 1931 285 1962 adhuc
304 1933 452 1963 nonnihil
470 1934 503 1963 in
519 1933 687 1964 Occitania
705 1936 734 1964 ὅτ
752 1935 820 1964 aliis
834 1937 910 1974 qui-

66 1973 205 2005 busdam
235 1975 348 2006 Galliae
373 1977 530 2015 partibuS‚
554 1977 611 2007 ubi
638 1976 741 2016 prima
766 1978 818 2007 die
845 1979 911 2010 No-

66 2018 205 2048 vembris
231 2019 269 2049 ad
295 2028 462 2058 vesperam
485 2020 656 2050 instruitur
684 2030 797 2051 mensa
823 2022 912 2062 vino,

66 2069 166 2100 panc,
189 2062 274 2100 cibo,
296 2061 335 2091 ad
350 2063 472 2093 animas
487 2062 719 2101 defimetorum
733 2065 826 2103 quasi
841 2075 910 2104 pas-

67 2104 185 2134 cendas
200 2110 257 2134 aut
271 2105 489 2144 honorandas,
514 2107 544 2136 <Sc
569 2106 607 2136 ad
631 2113 798 2146 posterum
815 2108 910 2139 mane

67 2147 111 2177 sic
138 2148 292 2178 instructa
317 2149 521 2188 relinquitur.
568 2149 651 2180 Plin.
686 2150 743 2180 lib.
764 2151 811 2180 10.
835 2161 908 2191 cap.

68 2189 148 2220 item
178 2192 228 2221 10.
260 2191 478 2231 (mirandum)
506 2198 611 2222 narrat
627 2193 756 2231 milvos,
781 2203 910 2232 rapaces

66 2233 156 2272 licet,
182 2234 401 2269 &farnelicam
415 2244 532 2275 semper
550 2235 655 2265 alitem
671 2235 748 2265 nihil
766 2238 913 2267 esculenti

66 2285 174 2316 rapere
190 2287 322 2316 anquam
336 2278 660 2316 &funerum-ferculis.
705 2280 736 2309 4.
760 2279 911 2319 Epulum

70 2326 137 2350 erat
175 2321 380 2361 novendiale,
417 2323 445 2352 δε
483 2322 743 2362 circumpotatio,
779 2323 911 2362 Graecis,

70 2361 267 2404 ωεςίδειπνον,
290 2365 417 2395 Athen.
439 2365 494 2395 lib.
513 2366 544 2395 8.
566 2375 637 2405 cap.
654 2368 684 2396 7.
708 2367 738 2395 δε
754 2367 911 2404 tuncjac-

68 2408 220 2436 tabantur
249 2407 398 2438 defuncti
423 2409 594 2448 praeconia,
617 2418 685 2439 non
711 2409 780 2438 sine
806 2410 913 2440 ambi-

69 2449 157 2479 tiosis
187 2449 438 2482 adulationibus.
485 2452 575 2482 Hinc
593 2452 754 2482 Graecum
780 2451 908 2483 Prover-

69 2491 184 2523 bium:
224 2491 263 2523 ἐκ
296 2494 332 2524 ἄν
362 2493 551 2534 Ιπαινεθείης,
583 2493 628 2525 ἔθ’
651 2493 680 2526 ἐν
702 2493 911 2536 σεςιδείπνοις,

68 2535 110 2564 de
137 2536 274 2567 homine
302 2539 427 2577 prorsus
455 2538 644 2577 illaudabili,
672 2539 708 2570 in
735 2547 802 2577 quo
828 2540 911 2571 nihil

69 2584 118 2608 est
134 2579 225 2618 quod
247 2580 398 2612 laudetur
424 2583 522 2612 etiam
540 2582 574 2612 in
590 2582 652 2612 illis
669 2582 914 2622 circumpotati-

70 2621 200 2660 onibus,
223 2631 295 2662 quae
311 2624 349 2653 ad
366 2626 436 2663 ejus
451 2626 609 2656 honorem
626 2630 699 2664 post
712 2631 851 2656 mortem
866 2627 913 2656 in-

68 2665 262 2702 stituuntur,
285 2667 314 2696 &
338 2668 372 2697 in
397 2678 490 2698 coena
516 2668 569 2698 illa
592 2668 732 2706 funebri,
756 2677 829 2707 quae
848 2674 914 2700 tota

69 2709 238 2739 ambitiosa
253 2714 311 2738 est.

112 2752 167 2782 84.
207 2751 294 2786 Quod
307 2762 368 2781 rem
384 2754 566 2794 curtaveris]
602 2755 697 2787 Quod
722 2756 848 2787 tantum
872 2758 913 2787 de

68 2795 202 2834 speratis
216 2796 307 2825 bonis
321 2795 503 2827 detractum
524 2798 574 2828 sit.

69 2837 184 2868 Horat.
202 2839 256 2869 lib.
269 2839 302 2868 2.
320 2838 413 2878 Epist
437 2841 468 2869 2.

152 2895 328 2907 a—--—
348 2882 418 2912 Nec
432 2887 564 2914 metuam
588 2885 663 2924 quid
677 2886 714 2916 de
729 2895 775 2916 me
787 2886 912 2926 judicet

198 2924 302 2963 Iraeres,

156 2968 245 3002 Quod
259 2979 316 2998 non
328 2968 425 3008 plura.
440 2970 523 2999 datis
537 2969 695 3001 invenerit.

115 3010 221 3050 Urnae]
245 3012 379 3043 Cineres
406 3012 640 3043 defunctorum
671 3025 757 3044 urnae
788 3017 914 3047 immis-

66 3062 116 3082 sos
132 3054 166 3083 in
182 3055 329 3094 sepulcro
345 3057 455 3088 solitos
470 3056 578 3096 condi,
591 3058 719 3088 nemini
736 3069 802 3089 non
818 3069 911 3090 com-

66 3101 209 3135 pertum.

995 593 1047 622 85.
1073 591 1151 623 Ossa
1174 593 1314 632 inodora]
1339 593 1471 632 Legunt
1497 593 1611 633 aliqui,
1635 593 1792 635 inhonora,

950 645 1052 675 seque
1067 635 1182 666 Glossa
1208 638 1309 667 veteri
1335 643 1480 676 tuentur,
1505 638 1616 667 verum
1633 646 1793 678 repugnat

958 685 1068 708 textus
1089 689 1238 719 sequens.

997 721 1074 752 Ossa
1102 723 1228 752 inodora
1255 723 1356 762 dabit]
1383 724 1461 753 Sine
1485 723 1559 753 ullis
1586 725 1793 765 aromatibus,

950 771 1009 794 aut
1036 766 1109 795 vilia
1136 766 1296 796 duntaxat
1326 774 1493 806 unguenta
1520 767 1696 798 adhibebit.
1740 769 1794 799 De

955 807 1005 838 his
1023 809 1095 838 vide
1110 808 1192 838 Plin.
1214 810 1267 840 lib.
1289 812 1338 840 13.
1364 820 1436 849 cap.
1457 812 1485 848 l,
1502 811 1534 847 2,
1548 811 1578 839 3.

954 850 1108 881 Juvenal.
1125 853 1190 882 Sat.
1207 854 1237 881 4.
1257 863 1318 883 ver.
1336 855 1407 883 108.

1040 894 1085 923 Et
1102 895 1252 925 matutino
1266 897 1380 926 sudans
1396 896 1554 935 Crispinus
1568 906 1696 936 amomo,

1046 937 1202 970 Quantum
1218 939 1268 968 rix
1280 940 1417 969 redolent
1435 940 1633 977 duojunera.

954 979 1203 1011 Observandum
1235 983 1399 1022 duplicem
1434 981 1533 1012 fuisse
1562 984 1596 1013 in
1626 983 1794 1014 funeribus

953 1024 1065 1053 odores
1092 1024 1252 1055 fundendi
1270 1027 1437 1056 rationem.
1485 1026 1592 1056 Primo
1610 1026 1714 1065 flores,
1737 1036 1794 1058 co-

953 1077 1056 1105 ronas,
1082 1068 1192 1097 odores
1219 1071 1407 1110 spargebant
1437 1070 1469 1098 in
1501 1069 1623 1100 lectum
1649 1069 1794 1108 feralem,

952 1110 1054 1149 inque
1081 1112 1188 1150 ipsum
1217 1114 1376 1153 bustum,
1411 1117 1571 1144 testantur
1590 1113 1687 1144 Dion.
1701 1113 1795 1144 Hali-

953 1163 1040 1184 carn.
1057 1154 1157 1192 lib.2‚
1185 1157 1212 1184 &
1229 1157 1294 1185 alii.

954 1196 1138 1237 Propertius
1155 1199 1209 1228 lib.
1229 1201 1259 1228 4.
1274 1199 1365 1240 Eleg.
1382 1202 1412 1230 7.

1043 1239 1107 1270 Cur
1119 1242 1216 1270 nardo
1221 1244 1358 1278 stamma>
1371 1253 1431 1272 non
1447 1242 1548 1273 oluere
1564 1251 1634 1272 meae
1647 1241 1663 1271 !

954 1283 1086 1314 Deinde
1098 1293 1242 1316 cremato
1258 1287 1423 1324 cadavere,
1437 1287 1534 1317 fiebat
1550 1286 1746 1326 ossilegium,
1764 1289 1795 1319 δε

953 1328 1080 1358 rursum
1112 1328 1274 1367 odoribus,
1313 1331 1400 1368 vino,
1435 1331 1532 1368 lacte,
1555 1339 1635 1367 ossa,
1660 1330 1796 1362 collecta

950 1370 990 1400 ab
1004 1372 1115 1401 amicis
1132 1372 1314 1412 rigabantur
1330 1375 1359 1403 ἃ
1383 1374 1400 1402 a
1424 1373 1626 1412 propinquis.
1669 1371 1795 1405 Tibull.

951 1413 1007 1443 lib.
1038 1415 1068 1444 3.
1102 1414 1192 1455 Eleg.
1216 1416 1247 1445 2.
1283 1417 1312 1446 id
1343 1416 1453 1447 innuit
1481 1416 1599 1455 aperte.
1644 1415 1792 1448 Demum

952 1457 1090 1487 conditis
1116 1458 1150 1488 in
1175 1459 1318 1499 sepulcra
1340 1459 1463 1490 ossibus
1479 1459 1656 1498 quotannis
1681 1459 1794 1491 odores

953 1501 982 1530 &
997 1501 1129 1531 corollas
1146 1501 1371 1541 imponebant.
1417 1503 1555 1532 Sanctus
1570 1502 1795 1541 Hieronymus

952 1543 1055 1582 Epist.
1073 1544 1111 1574 ad
1127 1544 1375 1577 Pammachium
1392 1546 1435 1576 sic
1450 1546 1567 1575 habet:
1604 1544 1717 1575 C'oeteri
1731 1557 1796 1576 ma-

951 1587 1007 1616 riti
1039 1596 1128 1626 super
1160 1589 1291 1619 tumulos
1316 1590 1483 1630 conjugum
1510 1591 1661 1628 spargunt
1686 1588 1797 1629 violas,

952 1639 1048 1668 rosas,
1064 1630 1131 1660 lilia
1137 1632 1291 1672 floresque
1299 1642 1469 1672 purpureos
1479 1642 1494 1669 ,-
1515 1634 1538 1670 ξς
1552 1631 1682 1661 dolorem
1689 1636 1796 1671 pecto-

952 1672 997 1703 ris
1010 1674 1059 1703 sui
1075 1673 1120 1703 his
1133 1674 1240 1713 officiis
1253 1677 1457 1706 consolantur.

996 1715 1054 1746 Seu
1067 1717 1183 1758 spirent
1196 1718 1338 1749 cinnama
1352 1716 1494 1761 surdum]
1527 1717 1639 1748 Haeres
1655 1716 1797 1751 offensus

954 1769 1069 1799 parum
1105 1762 1231 1792 curabit
1265 1772 1309 1793 an
1340 1769 1481 1793 aromata
1515 1762 1678 1801 exquisita
1715 1763 1796 1803 sint,

954 1803 1064 1835 utrum
1082 1804 1212 1836 odorem
1239 1805 1381 1836 fundant
1405 1812 1543 1835 acutum
1567 1814 1609 1834 an
1626 1804 1795 1837 obtusum.

954 1846 1036 1876 Vide
1051 1848 1132 1878 Plin.
1151 1848 1204 1878 lib.
1223 1851 1273 1880 12.
1297 1859 1367 1888 cap.
1389 1849 1438 1880 19.
1464 1849 1522 1878 ubi
1537 1849 1621 1878 inter
1636 1848 1698 1877 alia
1711 1850 1794 1879 scitu

954 1889 1063 1930 digna,
1091 1891 1137 1921 sic
1163 1893 1278 1922 habet:
1305 1893 1547 1928 Cinnamomum,
1571 1889 1710 1929 idemque
1731 1892 1796 1922 cin-

955 1942 1089 1972 namum,
1124 1936 1261 1965 nascitur
1289 1936 1321 1965 in
1350 1933 1674 1973 AEtlziopia—Frutex
1706 1935 1797 1966 duum

954 1976 1125 2007 cubitorum
1139 1977 1307 2008 altitudine
1321 1978 1534 2018 amplissimus,
1551 1975 1713 2016 palmique
1736 1978 1796 2008 mi·

955 2019 1067 2058 nimus,
1090 2025 1220 2059 quatuor
1247 2021 1363 2062 digitos
1387 2031 1519 2059 crassus,
1653 2019 1800 2052 Cinnami

955 2063 1014 2092 duo
1024 2072 1152 2102 genera,
1163 2064 1337 2104 candidius,
1353 2063 1799 2105 nigriusque-——Coronas

955 2105 971 2134 ὲ
987 2106 1125 2136 cinnamo
1137 2106 1322 2138 interrassili
1344 2117 1419 2138 auro
1446 2107 1582 2138 inclusas
1602 2106 1721 2146 primus
1736 2117 1797 2137 om-

954 2149 1035 2178 nium
1061 2149 1093 2179 in
1118 2148 1250 2190 Templis
1267 2150 1417 2191 Capitolii
1441 2155 1536 2189 atque
1560 2149 1656 2180 Pacis
1682 2150 1798 2180 dicavit

952 2191 1125 2231 Imperator
1135 2193 1343 2233 Vespasianus
1352 2195 1525 2235 Augustus.
1569 2192 1718 2223 Radicem
1731 2193 1798 2232 ejus

953 2235 1061 2276 magni
1073 2237 1220 2275 ponderis
1241 2237 1371 2267 vidimus
1394 2238 1424 2267 in
1439 2236 1563 2267 Palatii
1582 2235 1704 2275 Templo
1719 2237 1800 2275 quod

942 2278 1072 2316 fecerat
1087 2279 1171 2309 Divo
1184 2280 1332 2322 Augusto
1346 2281 1458 2321 conjux
1471 2281 1616 2321 Augusta
1632 2289 1798 2318 aureaepa-

955 2326 1027 2351 terae
1042 2323 1213 2362 impositam
1224 2335 1239 2361 ;
1261 2334 1299 2353 em
1322 2334 1382 2363 qua
1401 2327 1505 2365 guttoe
1521 2323 1612 2352 erlitoe
1626 2322 1717 2351 annis
1730 2332 1795 2352 om-

955 2365 1044 2395 nihus
1070 2367 1102 2396 in
1121 2376 1223 2407 grana
1239 2367 1441 2406 durobantur,
1464 2366 1558 2396 donec
1582 2366 1616 2395 ia
1638 2364 1797 2395 delubrum

955 2409 1096 2440 incendio
1107 2415 1315 2450 consumptum
1331 2415 1388 2440 est.

995 2452 1141 2491 Surdum]
1186 2454 1279 2484 Dura
1305 2454 1439 2493 quidem
1470 2452 1539 2482 haec
1570 2450 1666 2481 Persii
1693 2455 1797 2499 rneta-

953 2495 1066 2534 phora,
1090 2496 1200 2527 durior
1226 2504 1336 2528 tamen
1362 2496 1501 2534 Horatii,
1523 2503 1626 2534 quem
1649 2494 1796 2525 imitatus

954 2546 1003 2569 est
1016 2539 1070 2570 lib.
1089 2541 1121 2570 2.
1138 2542 1202 2571 Sat.
1221 2541 1253 2570 ὃ.

1043 2583 1176 2613 Fervida
1190 2585 1271 2622 quod
1290 2583 1401 2614 subtile
1424 2580 1588 2612 exsurdant
1611 2579 1684 2610 vina
1704 2582 1795 2620 pala-

1085 2630 1161 2657 tum.

999 2666 1052 2701 36.
1075 2670 1135 2700 Seu
1152 2680 1256 2700 ceraso
1263 2673 1392 2710 peccent
1407 2668 1511 2707 casioe]
1536 2668 1655 2706 Neque
1678 2668 1796 2698 sollici·

958 2719 1009 2743 tus
1022 2714 1081 2744 erit
1093 2723 1216 2752 purane
1230 2716 1270 2745 sit
1285 2715 1378 2752 casia,
1391 2723 1434 2743 an
1445 2712 1637 2748 adulterata,
1649 2710 1796 2741 admixto

956 2758 1096 2796 gummi,
1120 2757 1172 2786 vel
1198 2759 1316 2787 cortice
1339 2757 1356 2786 ὲ
1383 2766 1500 2787 ceraso.
1547 2754 1626 2783 Plin.
1657 2753 1716 2783 lib.
1743 2755 1796 2783 12

955 2809 1027 2839 cap.
1043 2801 1074 2831 9.
1111 2799 1320 2830 Adulteratur
1330 2798 1496 2840 amygdala
1509 2806 1595 2835 nuce,
1606 2799 1715 2826 caetera
1729 2805 1798 2835 ejus

954 2853 1069 2882 genera
1097 2844 1210 2873 cortice
1238 2844 1408 2873 scordasti:
1446 2842 1491 2871 ita
1528 2844 1654 2870 vocatur
1688 2841 1796 2868 aemula

951 2887 1069 2926 gummi
1081 2899 1090 2915 :
1114 2887 1195 2925 quod
1215 2888 1306 2916 semel
1327 2886 1440 2915 divisse
1464 2887 1487 2923 ξς
1509 2884 1541 2913 in
1555 2887 1680 2912 coeteros
1693 2883 1799 2912 odores

955 2930 1035 2959 satis
1048 2931 1099 2960 sit.
1145 2930 1228 2960 Pers.
1246 2931 1310 2960 Sat.
1329 2930 1361 2958 2.
1377 2938 1440 2958 ver.
1457 2928 1509 2958 64.

1044 2973 1197 3012 Corrupto
1212 2972 1325 3003 casiam
1341 2971 1479 3001 dissolvit
1494 2971 1583 3000 olivo.

1001 3014 1133 3057 Ceraso]
1171 3017 1251 3046 Plin.
1267 3016 1322 3045 lib.
1342 3016 1391 3045 15.
1418 3024 1489 3054 cap.
1505 3015 1559 3044 25.
1606 3011 1724 3050 Gerasi,
1747 3011 1797 3059 irr-

957 3060 1040 3098 quit,
1063 3063 1135 3088 ante
1156 3059 1315 3089 victoriam
1328 3057 1580 3087 Mithridaticam
1602 3055 1643 3087 L.
1656 3053 1796 3092 Lucullz,

952 3110 1010 3130 non
1029 3102 1127 3140 fuere
1151 3103 1184 3133 in
1209 3102 1307 3133 Italia
1333 3101 1377 3131 od
1398 3100 1483 3131 urbis
1503 3108 1617 3130 aunum
1639 3097 1712 3129 680.
1763 3096 1798 3127 Is

1917 210 1927 227 .,
1909 78 1929 198 Μώ-
1907 0 1923 62 :40⁶
