<?xml version="1.0" encoding="UTF-8"?>
<!DOCTYPE html PUBLIC "-//W3C//DTD XHTML 1.0 Transitional//EN"
    "http://www.w3.org/TR/xhtml1/DTD/xhtml1-transitional.dtd">
<html xmlns="http://www.w3.org/1999/xhtml" xml:lang="en" lang="en">
 <head>
  <title>
</title>
<meta http-equiv="Content-Type" content="text/html;charset=utf-8" />
  <meta name='ocr-system' content='tesseract 3.04.00' />
  <meta name='ocr-capabilities' content='ocr_page ocr_carea ocr_par ocr_line ocrx_word'/>
</head>
<body>
  <div class='ocr_page' id='page_1' title='image "./djuniijuvenalis00juveuoft/djuniijuvenalis00juveuoft_0253.png"; bbox 0 0 1948 3281; ppageno 0'>
   <div class='ocr_carea' id='block_1_1' title="bbox 642 54 980 100">
    <p class='ocr_par' dir='ltr' id='par_1_1' title="bbox 642 54 980 100">
     <span class='ocr_line' id='line_1_1' title="bbox 642 54 980 100; baseline -0.003 -2"><span class='ocrx_word' id='word_1_1' title='bbox 642 56 669 98; x_wconf 85' lang='lat' dir='ltr'>J</span> <span class='ocrx_word' id='word_1_2' title='bbox 673 54 980 100; x_wconf 89' lang='lat' dir='ltr'>UVENALIS</span> 
     </span>
    </p>
   </div>
   <div class='ocr_carea' id='block_1_2' title="bbox 139 144 1344 835">
    <p class='ocr_par' dir='ltr' id='par_1_2' title="bbox 140 144 1344 548">
     <span class='ocr_line' id='line_1_2' title="bbox 142 144 1296 206; baseline -0.006 -14"><span class='ocrx_word' id='word_1_3' title='bbox 142 151 278 206; x_wconf 85' lang='lat' dir='ltr'>Turpe</span> <span class='ocrx_word' id='word_1_4' title='bbox 297 149 337 192; x_wconf 63' lang='lat' dir='ltr'>sa</span> <span class='ocrx_word' id='word_1_5' title='bbox 356 145 601 190; x_wconf 76' lang='lat' dir='ltr'>adulterium</span> <span class='ocrx_word' id='word_1_6' title='bbox 624 146 897 188; x_wconf 85' lang='lat' dir='ltr'>mediocribus</span> <span class='ocrx_word' id='word_1_7' title='bbox 918 162 927 186; x_wconf 92' lang='lat'><strong>:</strong></span> <span class='ocrx_word' id='word_1_8' title='bbox 962 146 1050 186; x_wconf 87' lang='lat' dir='ltr'>haec</span> <span class='ocrx_word' id='word_1_9' title='bbox 1076 145 1216 186; x_wconf 87' lang='lat' dir='ltr'>eadem</span> <span class='ocrx_word' id='word_1_10' title='bbox 1240 144 1296 186; x_wconf 92' lang='lat' dir='ltr'>illi</span> 
     </span>
     <span class='ocr_line' id='line_1_3' title="bbox 142 202 1344 259; baseline -0.005 -10"><span class='ocrx_word' id='word_1_11' title='bbox 142 208 299 250; x_wconf 89' lang='lat' dir='ltr'>Omnia</span> <span class='ocrx_word' id='word_1_12' title='bbox 318 221 414 248; x_wconf 90' lang='lat' dir='ltr'>cum</span> <span class='ocrx_word' id='word_1_13' title='bbox 437 205 605 256; x_wconf 89' lang='lat' dir='ltr'>faciant,</span> <span class='ocrx_word' id='word_1_14' title='bbox 629 204 773 246; x_wconf 78' lang='lat' dir='ltr'>hilares</span> <span class='ocrx_word' id='word_1_15' title='bbox 797 203 998 259; x_wconf 87' lang='lat' dir='ltr'>nitidique</span> <span class='ocrx_word' id='word_1_16' title='bbox 1025 211 1237 245; x_wconf 87' lang='lat' dir='ltr'>vocantur.</span> <span class='ocrx_word' id='word_1_17' title='bbox 1267 202 1344 248; x_wconf 87' lang='lat'>176</span> 
     </span>
     <span class='ocr_line' id='line_1_4' title="bbox 141 260 1095 306; baseline -0.005 0"><span class='ocrx_word' id='word_1_18' title='bbox 141 265 299 306; x_wconf 91' lang='lat' dir='ltr'>Nostra</span> <span class='ocrx_word' id='word_1_19' title='bbox 317 264 471 305; x_wconf 89' lang='lat' dir='ltr'>dabunt</span> <span class='ocrx_word' id='word_1_20' title='bbox 494 262 593 304; x_wconf 90' lang='lat' dir='ltr'>alios</span> <span class='ocrx_word' id='word_1_21' title='bbox 612 261 732 303; x_wconf 89' lang='lat' dir='ltr'>hodie</span> <span class='ocrx_word' id='word_1_22' title='bbox 753 261 939 303; x_wconf 88' lang='lat' dir='ltr'>convivia</span> <span class='ocrx_word' id='word_1_23' title='bbox 960 260 1095 302; x_wconf 91' lang='lat' dir='ltr'>ludos.</span> 
     </span>
     <span class='ocr_line' id='line_1_5' title="bbox 142 318 1141 375; baseline -0.003 -13"><span class='ocrx_word' id='word_1_24' title='bbox 142 322 348 363; x_wconf 86' lang='lat' dir='ltr'>Conditor</span> <span class='ocrx_word' id='word_1_25' title='bbox 371 321 520 362; x_wconf 89' lang='lat' dir='ltr'>Iliados</span> <span class='ocrx_word' id='word_1_26' title='bbox 543 318 785 371; x_wconf 89' lang='lat' dir='ltr'>cantabitur,</span> <span class='ocrx_word' id='word_1_27' title='bbox 809 327 931 375; x_wconf 89' lang='lat' dir='ltr'>atque</span> <span class='ocrx_word' id='word_1_28' title='bbox 954 318 1141 360; x_wconf 88' lang='lat' dir='ltr'>Maronis</span> 
     </span>
     <span class='ocr_line' id='line_1_6' title="bbox 141 375 1128 431; baseline -0.004 -11"><span class='ocrx_word' id='word_1_29' title='bbox 141 379 322 420; x_wconf 90' lang='lat' dir='ltr'>Altisoni</span> <span class='ocrx_word' id='word_1_30' title='bbox 341 378 507 420; x_wconf 90' lang='lat' dir='ltr'>dubiam</span> <span class='ocrx_word' id='word_1_31' title='bbox 525 377 714 419; x_wconf 82' lang='lat' dir='ltr'>facientia</span> <span class='ocrx_word' id='word_1_32' title='bbox 730 376 911 418; x_wconf 87' lang='lat' dir='ltr'>carmina</span> <span class='ocrx_word' id='word_1_33' title='bbox 933 375 1128 431; x_wconf 84' lang='lat' dir='ltr'>palmam.</span> 
     </span>
     <span class='ocr_line' id='line_1_7' title="bbox 140 433 1138 493; baseline -0.003 -16"><span class='ocrx_word' id='word_1_34' title='bbox 140 436 255 493; x_wconf 71' lang='lat' dir='ltr'>Quid</span> <span class='ocrx_word' id='word_1_35' title='bbox 277 436 394 477; x_wconf 85' lang='lat' dir='ltr'><strong>refert</strong></span> <span class='ocrx_word' id='word_1_36' title='bbox 417 436 512 477; x_wconf 86' lang='lat' dir='ltr'>tales</span> <span class='ocrx_word' id='word_1_37' title='bbox 536 450 671 477; x_wconf 87' lang='lat' dir='ltr'>versus</span> <span class='ocrx_word' id='word_1_38' title='bbox 694 436 777 490; x_wconf 71' lang='lat' dir='ltr'>qua</span> <span class='ocrx_word' id='word_1_39' title='bbox 799 449 898 476; x_wconf 88' lang='lat' dir='ltr'>voce</span> <span class='ocrx_word' id='word_1_40' title='bbox 921 433 1105 489; x_wconf 87' lang='lat' dir='ltr'>legantur</span> <span class='ocrx_word' id='word_1_41' title='bbox 1124 435 1138 475; x_wconf 93' lang='lat'>?</span> 
     </span>
     <span class='ocr_line' id='line_1_8' title="bbox 142 490 988 548; baseline -0.004 -14"><span class='ocrx_word' id='word_1_42' title='bbox 142 494 221 535; x_wconf 85' lang='lat' dir='ltr'>Sed</span> <span class='ocrx_word' id='word_1_43' title='bbox 245 508 357 534; x_wconf 92' lang='lat' dir='ltr'>nunc</span> <span class='ocrx_word' id='word_1_44' title='bbox 382 493 512 534; x_wconf 87' lang='lat' dir='ltr'>dilatis</span> <span class='ocrx_word' id='word_1_45' title='bbox 534 502 664 535; x_wconf 90' lang='lat' dir='ltr'>averte</span> <span class='ocrx_word' id='word_1_46' title='bbox 682 491 846 548; x_wconf 87' lang='lat' dir='ltr'>negotia</span> <span class='ocrx_word' id='word_1_47' title='bbox 867 490 988 542; x_wconf 88' lang='lat' dir='ltr'>curis,</span> 
     </span>
    </p>

    <p class='ocr_par' dir='ltr' id='par_1_3' title="bbox 139 547 1178 835">
     <span class='ocr_line' id='line_1_9' title="bbox 140 547 1174 607; baseline -0.002 -15"><span class='ocrx_word' id='word_1_48' title='bbox 140 552 197 592; x_wconf 91' lang='lat' dir='ltr'>Et</span> <span class='ocrx_word' id='word_1_49' title='bbox 219 561 374 607; x_wconf 83' lang='lat' dir='ltr'>gratam</span> <span class='ocrx_word' id='word_1_50' title='bbox 399 552 580 607; x_wconf 77' lang='lat' dir='ltr'>requiem</span> <span class='ocrx_word' id='word_1_51' title='bbox 604 551 712 591; x_wconf 90' lang='lat' dir='ltr'>dona</span> <span class='ocrx_word' id='word_1_52' title='bbox 735 549 823 600; x_wconf 88' lang='lat' dir='ltr'>tibi,</span> <span class='ocrx_word' id='word_1_53' title='bbox 847 549 1012 605; x_wconf 85' lang='lat' dir='ltr'>quando</span> <span class='ocrx_word' id='word_1_54' title='bbox 1035 547 1174 590; x_wconf 83' lang='lat' dir='ltr'>licebit</span> 
     </span>
     <span class='ocr_line' id='line_1_10' title="bbox 143 606 1117 650; baseline -0.002 -2"><span class='ocrx_word' id='word_1_55' title='bbox 143 609 218 649; x_wconf 90' lang='lat' dir='ltr'>Per</span> <span class='ocrx_word' id='word_1_56' title='bbox 234 618 362 650; x_wconf 90' lang='lat' dir='ltr'>totam</span> <span class='ocrx_word' id='word_1_57' title='bbox 386 624 540 650; x_wconf 81' lang='lat' dir='ltr'>cessare</span> <span class='ocrx_word' id='word_1_58' title='bbox 563 608 670 649; x_wconf 88' lang='lat' dir='ltr'>diem</span> <span class='ocrx_word' id='word_1_59' title='bbox 691 624 700 647; x_wconf 77' lang='lat' dir='ltr'><strong><em>z</em></strong></span> <span class='ocrx_word' id='word_1_60' title='bbox 734 622 817 648; x_wconf 90' lang='lat' dir='ltr'>non</span> <span class='ocrx_word' id='word_1_61' title='bbox 842 606 1011 647; x_wconf 86' lang='lat' dir='ltr'>foenoris</span> <span class='ocrx_word' id='word_1_62' title='bbox 1034 606 1117 647; x_wconf 89' lang='lat' dir='ltr'>ulla</span> 
     </span>
     <span class='ocr_line' id='line_1_11' title="bbox 139 663 1087 721; baseline -0.004 -14"><span class='ocrx_word' id='word_1_63' title='bbox 139 665 324 718; x_wconf 85' lang='lat' dir='ltr'>Mentio,</span> <span class='ocrx_word' id='word_1_64' title='bbox 348 681 422 707; x_wconf 87' lang='lat' dir='ltr'>nec</span> <span class='ocrx_word' id='word_1_65' title='bbox 448 666 579 721; x_wconf 72' lang='lat' dir='ltr'>prima</span> <span class='ocrx_word' id='word_1_66' title='bbox 600 665 634 706; x_wconf 87' lang='lat' dir='ltr'>si</span> <span class='ocrx_word' id='word_1_67' title='bbox 655 663 745 705; x_wconf 90' lang='lat' dir='ltr'>luce</span> <span class='ocrx_word' id='word_1_68' title='bbox 768 679 925 720; x_wconf 80' lang='lat' dir='ltr'>egressa</span> <span class='ocrx_word' id='word_1_69' title='bbox 947 663 1087 704; x_wconf 89' lang='lat' dir='ltr'>reverti</span> 
     </span>
     <span class='ocr_line' id='line_1_12' title="bbox 139 721 1178 774; baseline -0.003 -9"><span class='ocrx_word' id='word_1_70' title='bbox 139 723 280 765; x_wconf 86' lang='lat' dir='ltr'>Nocte</span> <span class='ocrx_word' id='word_1_71' title='bbox 299 724 419 774; x_wconf 86' lang='lat' dir='ltr'>solet,</span> <span class='ocrx_word' id='word_1_72' title='bbox 438 724 560 764; x_wconf 88' lang='lat' dir='ltr'>tacito</span> <span class='ocrx_word' id='word_1_73' title='bbox 583 722 706 763; x_wconf 86' lang='lat' dir='ltr'>bilem</span> <span class='ocrx_word' id='word_1_74' title='bbox 732 721 803 762; x_wconf 90' lang='lat' dir='ltr'>tibi</span> <span class='ocrx_word' id='word_1_75' title='bbox 826 721 1037 762; x_wconf 87' lang='lat' dir='ltr'>contrahat</span> <span class='ocrx_word' id='word_1_76' title='bbox 1061 735 1178 772; x_wconf 87' lang='lat' dir='ltr'>uxor,</span> 
     </span>
     <span class='ocr_line' id='line_1_13' title="bbox 140 777 1095 835; baseline -0.004 -13"><span class='ocrx_word' id='word_1_77' title='bbox 140 781 332 822; x_wconf 83' lang='lat' dir='ltr'>Humida</span> <span class='ocrx_word' id='word_1_78' title='bbox 354 781 552 835; x_wconf 81' lang='lat' dir='ltr'>suspectis</span> <span class='ocrx_word' id='word_1_79' title='bbox 577 779 749 820; x_wconf 80' lang='lat' dir='ltr'>referens</span> <span class='ocrx_word' id='word_1_80' title='bbox 768 778 948 819; x_wconf 87' lang='lat' dir='ltr'>multitia</span> <span class='ocrx_word' id='word_1_81' title='bbox 968 777 1095 834; x_wconf 78' lang='lat' dir='ltr'>rugis,</span> 
     </span>
    </p>
   </div>
   <div class='ocr_carea' id='block_1_3' title="bbox 1019 53 1873 110">
    <p class='ocr_par' dir='ltr' id='par_1_4' title="bbox 1019 53 1873 110">
     <span class='ocr_line' id='line_1_14' title="bbox 1019 53 1873 110; baseline 0.013 -14"><span class='ocrx_word' id='word_1_82' title='bbox 1019 53 1237 99; x_wconf 89' lang='lat' dir='ltr'><strong>SATIRA</strong></span> <span class='ocrx_word' id='word_1_83' title='bbox 1274 56 1356 100; x_wconf 87' lang='lat' dir='ltr'>XI.</span> <span class='ocrx_word' id='word_1_84' title='bbox 1791 64 1873 110; x_wconf 87' lang='lat'>207</span> 
     </span>
    </p>
   </div>
   <div class='ocr_carea' id='block_1_4' title="bbox 1266 144 1878 839">
    <p class='ocr_par' dir='ltr' id='par_1_5' title="bbox 1266 144 1878 839">
     <span class='ocr_line' id='line_1_15' title="bbox 1357 144 1874 189; baseline 0.029 -16"><span class='ocrx_word' id='word_1_85' title='bbox 1357 144 1539 177; x_wconf 75' lang='lat' dir='ltr'>adulterium</span> <span class='ocrx_word' id='word_1_86' title='bbox 1561 150 1651 180; x_wconf 75' lang='lat' dir='ltr'>etiam</span> <span class='ocrx_word' id='word_1_87' title='bbox 1674 152 1874 189; x_wconf 72' lang='lat' dir='ltr'>inhonestum.</span> 
     </span>
     <span class='ocr_line' id='line_1_16' title="bbox 1361 190 1873 236; baseline 0.025 -19"><span class='ocrx_word' id='word_1_88' title='bbox 1361 190 1418 218; x_wconf 72' lang='lat' dir='ltr'>Isti</span> <span class='ocrx_word' id='word_1_89' title='bbox 1447 192 1522 221; x_wconf 77' lang='lat' dir='ltr'>vero</span> <span class='ocrx_word' id='word_1_90' title='bbox 1547 202 1612 221; x_wconf 85' lang='lat' dir='ltr'>cum</span> <span class='ocrx_word' id='word_1_91' title='bbox 1634 203 1668 224; x_wconf 81' lang='lat' dir='ltr'>ea</span> <span class='ocrx_word' id='word_1_92' title='bbox 1696 203 1873 236; x_wconf 76' lang='lat' dir='ltr'><em>perpetrent</em></span> 
     </span>
     <span class='ocr_line' id='line_1_17' title="bbox 1359 233 1873 272; baseline 0.025 -12"><span class='ocrx_word' id='word_1_93' title='bbox 1359 233 1511 271; x_wconf 73' lang='lat' dir='ltr'>unit-ersa,</span> <span class='ocrx_word' id='word_1_94' title='bbox 1536 235 1730 269; x_wconf 71' lang='lat' dir='ltr'>nihilominus·</span> <span class='ocrx_word' id='word_1_95' title='bbox 1752 242 1816 271; x_wconf 70' lang='lat' dir='ltr'>laeti</span> <span class='ocrx_word' id='word_1_96' title='bbox 1835 253 1873 272; x_wconf 80' lang='lat' dir='ltr'>ac</span> 
     </span>
     <span class='ocr_line' id='line_1_18' title="bbox 1358 275 1872 315; baseline 0.023 -12"><span class='ocrx_word' id='word_1_97' title='bbox 1358 275 1512 314; x_wconf 72' lang='lat' dir='ltr'>splendidi</span> <span class='ocrx_word' id='word_1_98' title='bbox 1541 280 1748 312; x_wconf 80' lang='lat' dir='ltr'>nominantur.</span> <span class='ocrx_word' id='word_1_99' title='bbox 1815 285 1872 315; x_wconf 79' lang='lat' dir='ltr'>Di·</span> 
     </span>
     <span class='ocr_line' id='line_1_19' title="bbox 1358 319 1872 364; baseline 0.021 -18"><span class='ocrx_word' id='word_1_100' title='bbox 1358 328 1457 347; x_wconf 72' lang='lat' dir='ltr'>versos</span> <span class='ocrx_word' id='word_1_101' title='bbox 1478 319 1566 350; x_wconf 72' lang='lat' dir='ltr'>hodie</span> <span class='ocrx_word' id='word_1_102' title='bbox 1591 324 1673 352; x_wconf 72' lang='lat' dir='ltr'>lusus</span> <span class='ocrx_word' id='word_1_103' title='bbox 1691 328 1872 364; x_wconf 71' lang='lat' dir='ltr'>suppedita-</span> 
     </span>
     <span class='ocr_line' id='line_1_20' title="bbox 1359 362 1875 401; baseline 0.021 -11"><span class='ocrx_word' id='word_1_104' title='bbox 1359 362 1432 391; x_wconf 84' lang='lat' dir='ltr'>bunt</span> <span class='ocrx_word' id='word_1_105' title='bbox 1450 363 1546 400; x_wconf 48' lang='lat' dir='ltr'>epuli»</span> <span class='ocrx_word' id='word_1_106' title='bbox 1567 369 1688 397; x_wconf 77' lang='lat' dir='ltr'>nostrae.</span> <span class='ocrx_word' id='word_1_107' title='bbox 1739 368 1875 401; x_wconf 64' lang='lat' dir='ltr'>canetur</span> 
     </span>
     <span class='ocr_line' id='line_1_21' title="bbox 1358 406 1874 446; baseline 0.019 -13"><span class='ocrx_word' id='word_1_108' title='bbox 1358 409 1464 434; x_wconf 80' lang='lat' dir='ltr'><em>auctor</em></span> <span class='ocrx_word' id='word_1_109' title='bbox 1479 406 1604 446; x_wconf 64' lang='lat' dir='ltr'>Iliadis,</span> <span class='ocrx_word' id='word_1_110' title='bbox 1630 410 1652 446; x_wconf 62' lang='grc' dir='ltr'><strong>ᾇ</strong></span> <span class='ocrx_word' id='word_1_111' title='bbox 1668 420 1769 440; x_wconf 71' lang='lat' dir='ltr'>versus·</span> <span class='ocrx_word' id='word_1_112' title='bbox 1782 414 1874 443; x_wconf 75' lang='lat' dir='ltr'>subli-</span> 
     </span>
     <span class='ocr_line' id='line_1_22' title="bbox 1266 432 1874 495; baseline 0.02 -21"><span class='ocrx_word' id='word_1_113' title='bbox 1266 434 1280 474; x_wconf 81' lang='lat' dir='ltr'>l</span> <span class='ocrx_word' id='word_1_114' title='bbox 1292 432 1346 473; x_wconf 80' lang='grc'>80</span> <span class='ocrx_word' id='word_1_115' title='bbox 1359 449 1413 477; x_wconf 77' lang='lat' dir='ltr'>mis</span> <span class='ocrx_word' id='word_1_116' title='bbox 1434 448 1567 490; x_wconf 73' lang='lat' dir='ltr'>Virgilii,</span> <span class='ocrx_word' id='word_1_117' title='bbox 1580 452 1740 483; x_wconf 76' lang='lat' dir='ltr'><em>reddentes</em></span> <span class='ocrx_word' id='word_1_118' title='bbox 1757 457 1874 495; x_wconf 80' lang='lat' dir='ltr'>ancipi-</span> 
     </span>
     <span class='ocr_line' id='line_1_23' title="bbox 1359 492 1874 539; baseline 0.019 -19"><span class='ocrx_word' id='word_1_119' title='bbox 1359 495 1418 521; x_wconf 86' lang='lat' dir='ltr'>tem</span> <span class='ocrx_word' id='word_1_120' title='bbox 1435 492 1602 523; x_wconf 71' lang='lat' dir='ltr'>cictoriam.</span> <span class='ocrx_word' id='word_1_121' title='bbox 1649 495 1731 528; x_wconf 79' lang='lat' dir='ltr'>Quid</span> <span class='ocrx_word' id='word_1_122' title='bbox 1747 499 1874 539; x_wconf 60' lang='lat' dir='ltr'>interest</span> 
     </span>
     <span class='ocr_line' id='line_1_24' title="bbox 1358 536 1876 579; baseline 0.019 -16"><span class='ocrx_word' id='word_1_123' title='bbox 1358 536 1418 573; x_wconf 65' lang='lat' dir='ltr'>qua</span> <span class='ocrx_word' id='word_1_124' title='bbox 1440 546 1509 564; x_wconf 76' lang='lat' dir='ltr'>voce</span> <span class='ocrx_word' id='word_1_125' title='bbox 1533 537 1701 569; x_wconf 76' lang='lat' dir='ltr'>recitentur</span> <span class='ocrx_word' id='word_1_126' title='bbox 1726 541 1876 579; x_wconf 67' lang='lat' dir='ltr'>ejusmodi</span> 
     </span>
     <span class='ocr_line' id='line_1_25' title="bbox 1358 579 1875 624; baseline 0.017 -18"><span class='ocrx_word' id='word_1_127' title='bbox 1358 579 1519 608; x_wconf 71' lang='lat' dir='ltr'>carmina?</span> <span class='ocrx_word' id='word_1_128' title='bbox 1542 580 1615 610; x_wconf 68' lang='lat' dir='ltr'>,Iam</span> <span class='ocrx_word' id='word_1_129' title='bbox 1636 583 1706 611; x_wconf 68' lang='lat' dir='ltr'>verti</span> <span class='ocrx_word' id='word_1_130' title='bbox 1734 586 1875 624; x_wconf 70' lang='lat' dir='ltr'>sepositis</span> 
     </span>
     <span class='ocr_line' id='line_1_26' title="bbox 1358 623 1875 668; baseline 0.019 -19"><span class='ocrx_word' id='word_1_131' title='bbox 1358 623 1568 652; x_wconf 57' lang='lat' dir='ltr'>anxietatibus</span> <span class='ocrx_word' id='word_1_132' title='bbox 1605 635 1709 655; x_wconf 79' lang='lat' dir='ltr'>amor-e</span> <span class='ocrx_word' id='word_1_133' title='bbox 1746 638 1875 668; x_wconf 75' lang='lat' dir='ltr'>occupa-</span> 
     </span>
     <span class='ocr_line' id='line_1_27' title="bbox 1359 664 1874 704; baseline 0.021 -13"><span class='ocrx_word' id='word_1_134' title='bbox 1359 664 1464 701; x_wconf 76' lang='lat' dir='ltr'>tiones,</span> <span class='ocrx_word' id='word_1_135' title='bbox 1480 665 1684 704; x_wconf 56' lang='lat' dir='ltr'>&amp;jucundum</span> <span class='ocrx_word' id='word_1_136' title='bbox 1704 671 1796 700; x_wconf 75' lang='lat' dir='ltr'>otium</span> <span class='ocrx_word' id='word_1_137' title='bbox 1813 674 1874 702; x_wconf 85' lang='lat' dir='ltr'>Iar·</span> 
     </span>
     <span class='ocr_line' id='line_1_28' title="bbox 1266 707 1878 761; baseline 0.023 -28"><span class='ocrx_word' id='word_1_138' title='bbox 1266 722 1341 761; x_wconf 76' lang='lat'>185</span> <span class='ocrx_word' id='word_1_139' title='bbox 1354 707 1422 747; x_wconf 69' lang='lat' dir='ltr'>gire</span> <span class='ocrx_word' id='word_1_140' title='bbox 1437 709 1503 746; x_wconf 76' lang='lat' dir='ltr'>tibi,</span> <span class='ocrx_word' id='word_1_141' title='bbox 1518 711 1664 749; x_wconf 66' lang='lat' dir='ltr'>siquidem</span> <span class='ocrx_word' id='word_1_142' title='bbox 1679 712 1803 755; x_wconf 71' lang='lat' dir='ltr'>integra</span> <span class='ocrx_word' id='word_1_143' title='bbox 1827 716 1878 747; x_wconf 62' lang='lat' dir='ltr'>dte</span> 
     </span>
     <span class='ocr_line' id='line_1_29' title="bbox 1347 749 1875 797; baseline 0.023 -20"><span class='ocrx_word' id='word_1_144' title='bbox 1347 749 1409 786; x_wconf 78' lang='lat' dir='ltr'>sas</span> <span class='ocrx_word' id='word_1_145' title='bbox 1423 752 1480 780; x_wconf 69' lang='lat' dir='ltr'>erit</span> <span class='ocrx_word' id='word_1_146' title='bbox 1496 754 1656 790; x_wconf 70' lang='lat' dir='ltr'>quiescere.</span> <span class='ocrx_word' id='word_1_147' title='bbox 1678 755 1730 785; x_wconf 84' lang='lat' dir='ltr'>Ne</span> <span class='ocrx_word' id='word_1_148' title='bbox 1742 758 1784 786; x_wconf 78' lang='lat' dir='ltr'>sit</span> <span class='ocrx_word' id='word_1_149' title='bbox 1797 768 1875 797; x_wconf 85' lang='lat' dir='ltr'>quoe·</span> 
     </span>
     <span class='ocr_line' id='line_1_30' title="bbox 1358 794 1877 839; baseline 0.023 -18"><span class='ocrx_word' id='word_1_150' title='bbox 1358 794 1403 822; x_wconf 73' lang='lat' dir='ltr'>vis</span> <span class='ocrx_word' id='word_1_151' title='bbox 1413 804 1510 824; x_wconf 72' lang='lat' dir='ltr'>usura?</span> <span class='ocrx_word' id='word_1_152' title='bbox 1519 797 1702 837; x_wconf 83' lang='lat' dir='ltr'>recordatio,</span> <span class='ocrx_word' id='word_1_153' title='bbox 1713 809 1808 839; x_wconf 82' lang='lat' dir='ltr'>neque</span> <span class='ocrx_word' id='word_1_154' title='bbox 1820 803 1877 833; x_wconf 64' lang='lat' dir='ltr'>tibi</span> 
     </span>
    </p>
   </div>
   <div class='ocr_carea' id='block_1_5' title="bbox 141 835 1877 894">
    <p class='ocr_par' dir='ltr' id='par_1_6' title="bbox 141 835 1877 894">
     <span class='ocr_line' id='line_1_31' title="bbox 141 835 1877 894; baseline -0.003 -15"><span class='ocrx_word' id='word_1_155' title='bbox 141 839 403 894; x_wconf 84' lang='lat' dir='ltr'>Vexatasque</span> <span class='ocrx_word' id='word_1_156' title='bbox 420 852 576 888; x_wconf 86' lang='lat' dir='ltr'>comas,</span> <span class='ocrx_word' id='word_1_157' title='bbox 603 837 641 877; x_wconf 73' lang='lat' dir='ltr'>Sc</span> <span class='ocrx_word' id='word_1_158' title='bbox 663 836 822 877; x_wconf 89' lang='lat' dir='ltr'>vultum</span> <span class='ocrx_word' id='word_1_159' title='bbox 846 850 1068 891; x_wconf 82' lang='lat' dir='ltr'>auremque</span> <span class='ocrx_word' id='word_1_160' title='bbox 1090 835 1307 877; x_wconf 88' lang='lat' dir='ltr'>calentem.</span> <span class='ocrx_word' id='word_1_161' title='bbox 1358 837 1463 867; x_wconf 72' lang='lat' dir='ltr'>silenti</span> <span class='ocrx_word' id='word_1_162' title='bbox 1475 845 1656 870; x_wconf 66' lang='lat' dir='ltr'>commoveat</span> <span class='ocrx_word' id='word_1_163' title='bbox 1671 842 1877 887; x_wconf 75' lang='lat' dir='ltr'>iracundiam,</span> 
     </span>
    </p>
   </div>
   <div class='ocr_carea' id='block_1_6' title="bbox 139 892 1330 1238">
    <p class='ocr_par' dir='ltr' id='par_1_7' title="bbox 139 892 1330 1124">
     <span class='ocr_line' id='line_1_32' title="bbox 142 892 1294 949; baseline -0.001 -13"><span class='ocrx_word' id='word_1_164' title='bbox 142 896 336 937; x_wconf 77' lang='lat' dir='ltr'>Protinus</span> <span class='ocrx_word' id='word_1_165' title='bbox 360 904 452 936; x_wconf 89' lang='lat' dir='ltr'>ante</span> <span class='ocrx_word' id='word_1_166' title='bbox 474 909 631 945; x_wconf 86' lang='lat' dir='ltr'>meum,</span> <span class='ocrx_word' id='word_1_167' title='bbox 657 892 856 949; x_wconf 89' lang='lat' dir='ltr'>quicquid</span> <span class='ocrx_word' id='word_1_168' title='bbox 880 892 1005 943; x_wconf 89' lang='lat' dir='ltr'>dolet,</span> <span class='ocrx_word' id='word_1_169' title='bbox 1029 908 1130 934; x_wconf 86' lang='lat' dir='ltr'>exue</span> <span class='ocrx_word' id='word_1_170' title='bbox 1149 893 1294 935; x_wconf 91' lang='lat' dir='ltr'>limen.</span> 
     </span>
     <span class='ocr_line' id='line_1_33' title="bbox 141 949 1330 1007; baseline -0.003 -13"><span class='ocrx_word' id='word_1_171' title='bbox 141 953 254 994; x_wconf 91' lang='lat' dir='ltr'>Pone</span> <span class='ocrx_word' id='word_1_172' title='bbox 277 953 467 1003; x_wconf 88' lang='lat' dir='ltr'>domurn,</span> <span class='ocrx_word' id='word_1_173' title='bbox 494 952 532 993; x_wconf 70' lang='grc' dir='ltr'>δε</span> <span class='ocrx_word' id='word_1_174' title='bbox 555 966 705 1002; x_wconf 90' lang='lat' dir='ltr'>servos,</span> <span class='ocrx_word' id='word_1_175' title='bbox 730 951 769 992; x_wconf 68' lang='grc' dir='ltr'>δε</span> <span class='ocrx_word' id='word_1_176' title='bbox 791 949 988 1007; x_wconf 88' lang='lat' dir='ltr'>quicquid</span> <span class='ocrx_word' id='word_1_177' title='bbox 1010 950 1212 1007; x_wconf 82' lang='lat' dir='ltr'>frangitur</span> <span class='ocrx_word' id='word_1_178' title='bbox 1234 950 1330 1001; x_wconf 90' lang='lat' dir='ltr'>illis,</span> 
     </span>
     <span class='ocr_line' id='line_1_34' title="bbox 139 1008 1194 1066; baseline -0.001 -15"><span class='ocrx_word' id='word_1_179' title='bbox 139 1010 230 1051; x_wconf 90' lang='lat' dir='ltr'>Aut</span> <span class='ocrx_word' id='word_1_180' title='bbox 251 1010 378 1065; x_wconf 86' lang='lat' dir='ltr'>perit:</span> <span class='ocrx_word' id='word_1_181' title='bbox 415 1009 594 1066; x_wconf 80' lang='lat' dir='ltr'>ingratos</span> <span class='ocrx_word' id='word_1_182' title='bbox 617 1018 709 1050; x_wconf 91' lang='lat' dir='ltr'>ante</span> <span class='ocrx_word' id='word_1_183' title='bbox 730 1009 872 1050; x_wconf 85' lang='lat' dir='ltr'>omnia</span> <span class='ocrx_word' id='word_1_184' title='bbox 893 1023 1000 1063; x_wconf 88' lang='lat' dir='ltr'>pone</span> <span class='ocrx_word' id='word_1_185' title='bbox 1023 1008 1194 1050; x_wconf 90' lang='lat' dir='ltr'>sodales.</span> 
     </span>
     <span class='ocr_line' id='line_1_35' title="bbox 142 1066 1042 1124; baseline -0.001 -16"><span class='ocrx_word' id='word_1_186' title='bbox 142 1066 304 1108; x_wconf 71' lang='lat' dir='ltr'>Interea</span> <span class='ocrx_word' id='word_1_187' title='bbox 326 1067 611 1124; x_wconf 81' lang='lat' dir='ltr'>Megalesiacae</span> <span class='ocrx_word' id='word_1_188' title='bbox 630 1066 860 1122; x_wconf 88' lang='lat' dir='ltr'>spectacula</span> <span class='ocrx_word' id='word_1_189' title='bbox 881 1080 1042 1121; x_wconf 81' lang='lat' dir='ltr'>mappae</span> 
     </span>
    </p>

    <p class='ocr_par' dir='ltr' id='par_1_8' title="bbox 141 1123 1231 1238">
     <span class='ocr_line' id='line_1_36' title="bbox 141 1123 1160 1180; baseline -0.001 -13"><span class='ocrx_word' id='word_1_190' title='bbox 141 1125 302 1167; x_wconf 88' lang='lat' dir='ltr'>Idaeum</span> <span class='ocrx_word' id='word_1_191' title='bbox 326 1125 493 1166; x_wconf 80' lang='lat' dir='ltr'>solenne</span> <span class='ocrx_word' id='word_1_192' title='bbox 515 1125 675 1175; x_wconf 91' lang='lat' dir='ltr'>colunt,</span> <span class='ocrx_word' id='word_1_193' title='bbox 699 1123 926 1180; x_wconf 86' lang='lat' dir='ltr'>similisque</span> <span class='ocrx_word' id='word_1_194' title='bbox 949 1125 1160 1179; x_wconf 85' lang='lat' dir='ltr'>triumpho</span> 
     </span>
     <span class='ocr_line' id='line_1_37' title="bbox 144 1181 1231 1238; baseline 0.001 -14"><span class='ocrx_word' id='word_1_195' title='bbox 144 1183 289 1225; x_wconf 84' lang='lat' dir='ltr'>Praedo</span> <span class='ocrx_word' id='word_1_196' title='bbox 312 1181 562 1224; x_wconf 84' lang='lat' dir='ltr'>caballorum</span> <span class='ocrx_word' id='word_1_197' title='bbox 588 1183 742 1223; x_wconf 83' lang='lat' dir='ltr'>Praetor</span> <span class='ocrx_word' id='word_1_198' title='bbox 764 1181 899 1223; x_wconf 90' lang='lat' dir='ltr'>sedet:</span> <span class='ocrx_word' id='word_1_199' title='bbox 935 1197 981 1223; x_wconf 91' lang='lat' dir='ltr'>ac</span> <span class='ocrx_word' id='word_1_200' title='bbox 1004 1182 1109 1223; x_wconf 86' lang='lat' dir='ltr'>mihi</span> <span class='ocrx_word' id='word_1_201' title='bbox 1132 1197 1231 1238; x_wconf 85' lang='lat' dir='ltr'>pace</span> 
     </span>
    </p>
   </div>
   <div class='ocr_carea' id='block_1_7' title="bbox 1267 880 1876 1273">
    <p class='ocr_par' dir='ltr' id='par_1_9' title="bbox 1267 880 1876 1273">
     <span class='ocr_line' id='line_1_38' title="bbox 1359 880 1874 919; baseline 0.023 -12"><span class='ocrx_word' id='word_1_202' title='bbox 1359 880 1386 908; x_wconf 80' lang='lat' dir='ltr'>si</span> <span class='ocrx_word' id='word_1_203' title='bbox 1407 881 1518 919; x_wconf 64' lang='lat' dir='ltr'>conjux</span> <span class='ocrx_word' id='word_1_204' title='bbox 1533 883 1637 913; x_wconf 72' lang='lat' dir='ltr'>exiens</span> <span class='ocrx_word' id='word_1_205' title='bbox 1652 884 1788 917; x_wconf 81' lang='lat' dir='ltr'>diluculo</span> <span class='ocrx_word' id='word_1_206' title='bbox 1803 898 1874 919; x_wconf 67' lang='lat' dir='ltr'>cor&gt;-</span> 
     </span>
     <span class='ocr_line' id='line_1_39' title="bbox 1359 924 1875 970; baseline 0.025 -19"><span class='ocrx_word' id='word_1_207' title='bbox 1359 924 1454 952; x_wconf 74' lang='lat' dir='ltr'>suerit</span> <span class='ocrx_word' id='word_1_208' title='bbox 1482 925 1520 954; x_wconf 87' lang='lat' dir='ltr'>ad</span> <span class='ocrx_word' id='word_1_209' title='bbox 1547 930 1662 956; x_wconf 80' lang='lat' dir='ltr'>noctem</span> <span class='ocrx_word' id='word_1_210' title='bbox 1691 930 1802 970; x_wconf 84' lang='lat' dir='ltr'>redire,</span> <span class='ocrx_word' id='word_1_211' title='bbox 1825 943 1875 963; x_wconf 87' lang='lat' dir='ltr'>re-</span> 
     </span>
     <span class='ocr_line' id='line_1_40' title="bbox 1356 968 1875 1010; baseline 0.023 -16"><span class='ocrx_word' id='word_1_212' title='bbox 1356 970 1486 1004; x_wconf 78' lang='lat' dir='ltr'>portans</span> <span class='ocrx_word' id='word_1_213' title='bbox 1499 968 1560 998; x_wconf 82' lang='lat' dir='ltr'>uda</span> <span class='ocrx_word' id='word_1_214' title='bbox 1576 970 1685 1009; x_wconf 79' lang='lat' dir='ltr'>serica,</span> <span class='ocrx_word' id='word_1_215' title='bbox 1693 972 1790 1010; x_wconf 76' lang='lat' dir='ltr'>plicis</span> <span class='ocrx_word' id='word_1_216' title='bbox 1804 985 1875 1007; x_wconf 80' lang='lat' dir='ltr'>sus·-</span> 
     </span>
     <span class='ocr_line' id='line_1_41' title="bbox 1267 1009 1875 1057; baseline 0.023 -22"><span class='ocrx_word' id='word_1_217' title='bbox 1267 1009 1504 1050; x_wconf 77' lang='lat' dir='ltr'>190picionem</span> <span class='ocrx_word' id='word_1_218' title='bbox 1522 1014 1707 1053; x_wconf 74' lang='lat' dir='ltr'>creantibus,</span> <span class='ocrx_word' id='word_1_219' title='bbox 1735 1018 1758 1054; x_wconf 64' lang='grc' dir='ltr'>ᾇ</span> <span class='ocrx_word' id='word_1_220' title='bbox 1780 1020 1875 1057; x_wconf 74' lang='lat' dir='ltr'>capil-</span> 
     </span>
     <span class='ocr_line' id='line_1_42' title="bbox 1360 1054 1874 1099; baseline 0.021 -18"><span class='ocrx_word' id='word_1_221' title='bbox 1360 1054 1404 1082; x_wconf 73' lang='lat' dir='ltr'>los</span> <span class='ocrx_word' id='word_1_222' title='bbox 1418 1055 1605 1094; x_wconf 60' lang='lat' dir='ltr'>exagitatos,</span> <span class='ocrx_word' id='word_1_223' title='bbox 1621 1057 1644 1094; x_wconf 56' lang='grc' dir='ltr'>ὃς</span> <span class='ocrx_word' id='word_1_224' title='bbox 1657 1058 1874 1099; x_wconf 73' lang='lat' dir='ltr'>ardentemja-</span> 
     </span>
     <span class='ocr_line' id='line_1_43' title="bbox 1360 1097 1875 1138; baseline 0.021 -14"><span class='ocrx_word' id='word_1_225' title='bbox 1360 1097 1435 1125; x_wconf 73' lang='lat' dir='ltr'>ciem</span> <span class='ocrx_word' id='word_1_226' title='bbox 1451 1101 1540 1136; x_wconf 79' lang='lat' dir='ltr'>atque</span> <span class='ocrx_word' id='word_1_227' title='bbox 1555 1099 1732 1131; x_wconf 77' lang='lat' dir='ltr'>auriculam.</span> <span class='ocrx_word' id='word_1_228' title='bbox 1771 1103 1875 1138; x_wconf 81' lang='lat' dir='ltr'>Quod-</span> 
     </span>
     <span class='ocr_line' id='line_1_44' title="bbox 1359 1142 1874 1183; baseline 0.025 -16"><span class='ocrx_word' id='word_1_229' title='bbox 1359 1149 1484 1178; x_wconf 78' lang='lat' dir='ltr'>cumque</span> <span class='ocrx_word' id='word_1_230' title='bbox 1517 1142 1607 1180; x_wconf 80' lang='lat' dir='ltr'>angit</span> <span class='ocrx_word' id='word_1_231' title='bbox 1631 1143 1743 1183; x_wconf 76' lang='lat' dir='ltr'>clepone</span> <span class='ocrx_word' id='word_1_232' title='bbox 1766 1149 1874 1181; x_wconf 74' lang='lat' dir='ltr'>statim</span> 
     </span>
     <span class='ocr_line' id='line_1_45' title="bbox 1356 1183 1874 1221; baseline 0.021 -10"><span class='ocrx_word' id='word_1_233' title='bbox 1356 1184 1400 1212; x_wconf 88' lang='lat' dir='ltr'>ad</span> <span class='ocrx_word' id='word_1_234' title='bbox 1409 1183 1518 1213; x_wconf 75' lang='lat' dir='ltr'>ostium</span> <span class='ocrx_word' id='word_1_235' title='bbox 1534 1195 1640 1215; x_wconf 82' lang='lat' dir='ltr'>meum.</span> <span class='ocrx_word' id='word_1_236' title='bbox 1684 1188 1807 1220; x_wconf 90' lang='lat' dir='ltr'>Animo</span> <span class='ocrx_word' id='word_1_237' title='bbox 1821 1192 1874 1221; x_wconf 82' lang='lat' dir='ltr'>ab·</span> 
     </span>
     <span class='ocr_line' id='line_1_46' title="bbox 1348 1225 1876 1273; baseline 0.021 -20"><span class='ocrx_word' id='word_1_238' title='bbox 1348 1225 1416 1263; x_wconf 79' lang='lat' dir='ltr'>jice</span> <span class='ocrx_word' id='word_1_239' title='bbox 1431 1225 1607 1265; x_wconf 84' lang='lat' dir='ltr'>familiam,</span> <span class='ocrx_word' id='word_1_240' title='bbox 1629 1231 1651 1266; x_wconf 57' lang='grc' dir='ltr'>(δ’</span> <span class='ocrx_word' id='word_1_241' title='bbox 1670 1231 1823 1272; x_wconf 81' lang='lat' dir='ltr'>famulos,</span> <span class='ocrx_word' id='word_1_242' title='bbox 1850 1237 1876 1273; x_wconf 59' lang='grc' dir='ltr'><strong>ᾁ</strong></span> 
     </span>
    </p>
   </div>
   <div class='ocr_carea' id='block_1_8' title="bbox 140 1270 1874 1360">
    <p class='ocr_par' dir='ltr' id='par_1_10' title="bbox 140 1270 1874 1360">
     <span class='ocr_line' id='line_1_47' title="bbox 142 1270 1874 1311; baseline 0.001 -10"><span class='ocrx_word' id='word_1_243' title='bbox 142 1271 346 1311; x_wconf 75' lang='lat' dir='ltr'>quodcumque</span> <span class='ocrx_word' id='word_1_244' title='bbox 357 1271 506 1310; x_wconf 79' lang='lat' dir='ltr'>rumpitur</span> <span class='ocrx_word' id='word_1_245' title='bbox 516 1272 555 1301; x_wconf 90' lang='lat' dir='ltr'>ab</span> <span class='ocrx_word' id='word_1_246' title='bbox 568 1271 621 1309; x_wconf 76' lang='lat' dir='ltr'>eis,</span> <span class='ocrx_word' id='word_1_247' title='bbox 634 1270 682 1301; x_wconf 71' lang='lat' dir='ltr'>rel</span> <span class='ocrx_word' id='word_1_248' title='bbox 695 1271 879 1309; x_wconf 78' lang='lat' dir='ltr'>disperditur</span> <span class='ocrx_word' id='word_1_249' title='bbox 888 1282 897 1300; x_wconf 88' lang='lat'>.·</span> <span class='ocrx_word' id='word_1_250' title='bbox 918 1282 982 1310; x_wconf 85' lang='lat' dir='ltr'>proe</span> <span class='ocrx_word' id='word_1_251' title='bbox 995 1272 1112 1302; x_wconf 81' lang='lat' dir='ltr'>cunctis</span> <span class='ocrx_word' id='word_1_252' title='bbox 1123 1272 1222 1311; x_wconf 80' lang='lat' dir='ltr'>abjice</span> <span class='ocrx_word' id='word_1_253' title='bbox 1234 1271 1327 1301; x_wconf 73' lang='lat' dir='ltr'>socios</span> <span class='ocrx_word' id='word_1_254' title='bbox 1340 1271 1531 1303; x_wconf 76' lang='lat' dir='ltr'>immemores.</span> <span class='ocrx_word' id='word_1_255' title='bbox 1578 1273 1705 1305; x_wconf 80' lang='lat' dir='ltr'>Interim</span> <span class='ocrx_word' id='word_1_256' title='bbox 1719 1278 1874 1309; x_wconf 60' lang='lat' dir='ltr'>celebrant</span> 
     </span>
     <span class='ocr_line' id='line_1_48' title="bbox 140 1313 1870 1360; baseline 0.002 -17"><span class='ocrx_word' id='word_1_257' title='bbox 140 1316 314 1353; x_wconf 73' lang='lat' dir='ltr'>spectacula</span> <span class='ocrx_word' id='word_1_258' title='bbox 337 1324 452 1353; x_wconf 86' lang='lat' dir='ltr'>mappae</span> <span class='ocrx_word' id='word_1_259' title='bbox 477 1314 730 1354; x_wconf 79' lang='lat' dir='ltr'>Megalesiorum,</span> <span class='ocrx_word' id='word_1_260' title='bbox 758 1313 873 1344; x_wconf 69' lang='lat' dir='ltr'>Idoeum</span> <span class='ocrx_word' id='word_1_261' title='bbox 898 1317 1023 1344; x_wconf 80' lang='lat' dir='ltr'>solemne</span> <span class='ocrx_word' id='word_1_262' title='bbox 1035 1326 1049 1351; x_wconf 90' lang='lat'><em>;</em></span> <span class='ocrx_word' id='word_1_263' title='bbox 1072 1317 1093 1353; x_wconf 68' lang='grc' dir='ltr'>«ξς</span> <span class='ocrx_word' id='word_1_264' title='bbox 1119 1315 1238 1345; x_wconf 77' lang='lat' dir='ltr'>Praetor</span> <span class='ocrx_word' id='word_1_265' title='bbox 1260 1324 1399 1354; x_wconf 77' lang='lat' dir='ltr'>equorum</span> <span class='ocrx_word' id='word_1_266' title='bbox 1422 1314 1611 1354; x_wconf 63' lang='lat' dir='ltr'>depraedator</span> <span class='ocrx_word' id='word_1_267' title='bbox 1633 1318 1718 1349; x_wconf 68' lang='lat' dir='ltr'>sedet</span> <span class='ocrx_word' id='word_1_268' title='bbox 1737 1330 1799 1360; x_wconf 85' lang='lat' dir='ltr'>par</span> <span class='ocrx_word' id='word_1_269' title='bbox 1815 1324 1870 1354; x_wconf 58' lang='lat' dir='ltr'>tri..</span> 
     </span>
    </p>
   </div>
   <div class='ocr_carea' id='block_1_9' title="bbox 141 1355 581 1398">
    <p class='ocr_par' dir='ltr' id='par_1_11' title="bbox 141 1355 581 1398">
     <span class='ocr_line' id='line_1_49' title="bbox 141 1355 581 1398; baseline 0 -12"><span class='ocrx_word' id='word_1_270' title='bbox 141 1356 302 1397; x_wconf 76' lang='lat' dir='ltr'>umphanti</span> <span class='ocrx_word' id='word_1_271' title='bbox 313 1369 323 1386; x_wconf 91' lang='lat'>.·</span> <span class='ocrx_word' id='word_1_272' title='bbox 345 1358 430 1398; x_wconf 83' lang='lat' dir='ltr'>sique</span> <span class='ocrx_word' id='word_1_273' title='bbox 434 1357 496 1395; x_wconf 80' lang='lat' dir='ltr'>fas</span> <span class='ocrx_word' id='word_1_274' title='bbox 512 1355 581 1387; x_wconf 69' lang='lat' dir='ltr'>mike</span> 
     </span>
    </p>
   </div>
   <div class='ocr_carea' id='block_1_10' title="bbox 943 1428 1072 1440">
    <p class='ocr_par' dir='ltr' id='par_1_12' title="bbox 943 1428 1072 1440">
     <span class='ocr_line' id='line_1_50' title="bbox 943 1428 1072 1440; baseline 0 1841"><span class='ocrx_word' id='word_1_275' title='bbox 943 1428 1072 1440; x_wconf 95' lang='lat' dir='ltr'> </span> 
     </span>
    </p>
   </div>
   <div class='ocr_carea' id='block_1_11' title="bbox 123 1511 980 3103">
    <p class='ocr_par' dir='ltr' id='par_1_13' title="bbox 184 1511 595 1551">
     <span class='ocr_line' id='line_1_51' title="bbox 184 1511 595 1551; baseline 0.002 -8"><span class='ocrx_word' id='word_1_276' title='bbox 184 1511 258 1551; x_wconf 83' lang='lat' dir='ltr'>Illi]</span> <span class='ocrx_word' id='word_1_277' title='bbox 285 1512 411 1544; x_wconf 82' lang='lat' dir='ltr'>Divites</span> <span class='ocrx_word' id='word_1_278' title='bbox 427 1513 595 1544; x_wconf 81' lang='lat' dir='ltr'>luxuriosi.</span> 
     </span>
    </p>

    <p class='ocr_par' dir='ltr' id='par_1_14' title="bbox 142 1556 980 1679">
     <span class='ocr_line' id='line_1_52' title="bbox 188 1556 980 1597; baseline 0.003 -11"><span class='ocrx_word' id='word_1_279' title='bbox 188 1557 259 1586; x_wconf 84' lang='lat'>178.</span> <span class='ocrx_word' id='word_1_280' title='bbox 286 1556 433 1587; x_wconf 78' lang='lat' dir='ltr'>Conditor</span> <span class='ocrx_word' id='word_1_281' title='bbox 442 1556 561 1587; x_wconf 77' lang='lat' dir='ltr'>Iliados</span> <span class='ocrx_word' id='word_1_282' title='bbox 575 1556 765 1597; x_wconf 79' lang='lat' dir='ltr'>cantabitur]</span> <span class='ocrx_word' id='word_1_283' title='bbox 789 1558 980 1588; x_wconf 78' lang='lat' dir='ltr'>Recitnbun-</span> 
     </span>
     <span class='ocr_line' id='line_1_53' title="bbox 142 1599 980 1641; baseline 0.002 -13"><span class='ocrx_word' id='word_1_284' title='bbox 142 1603 194 1628; x_wconf 86' lang='lat' dir='ltr'>tur</span> <span class='ocrx_word' id='word_1_285' title='bbox 221 1599 386 1629; x_wconf 84' lang='lat' dir='ltr'>Homerici</span> <span class='ocrx_word' id='word_1_286' title='bbox 411 1610 518 1630; x_wconf 80' lang='lat' dir='ltr'>versus</span> <span class='ocrx_word' id='word_1_287' title='bbox 542 1611 584 1630; x_wconf 87' lang='lat' dir='ltr'>ex</span> <span class='ocrx_word' id='word_1_288' title='bbox 608 1601 751 1641; x_wconf 78' lang='lat' dir='ltr'>eleganti</span> <span class='ocrx_word' id='word_1_289' title='bbox 774 1602 918 1632; x_wconf 84' lang='lat' dir='ltr'>carmine</span> <span class='ocrx_word' id='word_1_290' title='bbox 941 1601 980 1631; x_wconf 89' lang='lat' dir='ltr'>de</span> 
     </span>
     <span class='ocr_line' id='line_1_54' title="bbox 142 1641 430 1679; baseline 0.003 -7"><span class='ocrx_word' id='word_1_291' title='bbox 142 1641 282 1679; x_wconf 87' lang='lat' dir='ltr'>Trojano</span> <span class='ocrx_word' id='word_1_292' title='bbox 296 1643 430 1673; x_wconf 84' lang='lat' dir='ltr'>excidio.</span> 
     </span>
    </p>

    <p class='ocr_par' dir='ltr' id='par_1_15' title="bbox 136 1685 980 1984">
     <span class='ocr_line' id='line_1_55' title="bbox 187 1685 980 1727; baseline 0.005 -13"><span class='ocrx_word' id='word_1_293' title='bbox 187 1686 258 1716; x_wconf 77' lang='lat'>179.</span> <span class='ocrx_word' id='word_1_294' title='bbox 300 1685 435 1715; x_wconf 82' lang='lat' dir='ltr'>Dubiam</span> <span class='ocrx_word' id='word_1_295' title='bbox 462 1686 624 1723; x_wconf 73' lang='lat' dir='ltr'>facientia</span> <span class='ocrx_word' id='word_1_296' title='bbox 657 1687 792 1718; x_wconf 81' lang='lat' dir='ltr'>carmina</span> <span class='ocrx_word' id='word_1_297' title='bbox 825 1687 980 1727; x_wconf 86' lang='lat' dir='ltr'>palmam]</span> 
     </span>
     <span class='ocr_line' id='line_1_56' title="bbox 138 1727 978 1771; baseline 0.004 -14"><span class='ocrx_word' id='word_1_298' title='bbox 138 1727 323 1760; x_wconf 65' lang='lat' dir='ltr'>Quaesitum</span> <span class='ocrx_word' id='word_1_299' title='bbox 339 1729 426 1758; x_wconf 84' lang='lat' dir='ltr'>enim</span> <span class='ocrx_word' id='word_1_300' title='bbox 437 1730 506 1767; x_wconf 83' lang='lat' dir='ltr'>jam</span> <span class='ocrx_word' id='word_1_301' title='bbox 524 1730 660 1768; x_wconf 85' lang='lat' dir='ltr'>pridem,</span> <span class='ocrx_word' id='word_1_302' title='bbox 675 1740 717 1760; x_wconf 84' lang='lat' dir='ltr'>an</span> <span class='ocrx_word' id='word_1_303' title='bbox 733 1731 888 1771; x_wconf 78' lang='lat' dir='ltr'>Virgilius</span> <span class='ocrx_word' id='word_1_304' title='bbox 906 1732 978 1761; x_wconf 91' lang='lat' dir='ltr'>Ho-</span> 
     </span>
     <span class='ocr_line' id='line_1_57' title="bbox 140 1772 977 1813; baseline 0.004 -13"><span class='ocrx_word' id='word_1_305' title='bbox 140 1780 266 1801; x_wconf 81' lang='lat' dir='ltr'>merum</span> <span class='ocrx_word' id='word_1_306' title='bbox 280 1772 449 1810; x_wconf 79' lang='lat' dir='ltr'>superarit.</span> <span class='ocrx_word' id='word_1_307' title='bbox 493 1773 578 1802; x_wconf 88' lang='lat' dir='ltr'>Vide</span> <span class='ocrx_word' id='word_1_308' title='bbox 591 1773 733 1803; x_wconf 89' lang='lat' dir='ltr'>Macrob.</span> <span class='ocrx_word' id='word_1_309' title='bbox 748 1775 864 1813; x_wconf 87' lang='lat' dir='ltr'>passim</span> <span class='ocrx_word' id='word_1_310' title='bbox 876 1775 977 1803; x_wconf 83' lang='lat' dir='ltr'>maxi-</span> 
     </span>
     <span class='ocr_line' id='line_1_58' title="bbox 139 1814 978 1856; baseline 0.002 -13"><span class='ocrx_word' id='word_1_311' title='bbox 139 1816 192 1844; x_wconf 73' lang='lat' dir='ltr'>me</span> <span class='ocrx_word' id='word_1_312' title='bbox 219 1816 292 1844; x_wconf 75' lang='lat' dir='ltr'>vero</span> <span class='ocrx_word' id='word_1_313' title='bbox 319 1815 372 1845; x_wconf 90' lang='lat' dir='ltr'>lib.</span> <span class='ocrx_word' id='word_1_314' title='bbox 390 1816 419 1844; x_wconf 86' lang='lat'>5.</span> <span class='ocrx_word' id='word_1_315' title='bbox 449 1814 589 1848; x_wconf 81' lang='lat' dir='ltr'>Quintil.</span> <span class='ocrx_word' id='word_1_316' title='bbox 606 1816 661 1845; x_wconf 87' lang='lat' dir='ltr'>lib.</span> <span class='ocrx_word' id='word_1_317' title='bbox 682 1818 729 1846; x_wconf 90' lang='lat'>10.</span> <span class='ocrx_word' id='word_1_318' title='bbox 747 1827 817 1856; x_wconf 84' lang='lat' dir='ltr'>cap.</span> <span class='ocrx_word' id='word_1_319' title='bbox 839 1820 866 1847; x_wconf 92' lang='lat'>1.</span> <span class='ocrx_word' id='word_1_320' title='bbox 891 1817 978 1846; x_wconf 82' lang='lat' dir='ltr'>Gell.</span> 
     </span>
     <span class='ocr_line' id='line_1_59' title="bbox 137 1857 978 1898; baseline 0.004 -13"><span class='ocrx_word' id='word_1_321' title='bbox 137 1857 192 1885; x_wconf 82' lang='lat' dir='ltr'>lib.</span> <span class='ocrx_word' id='word_1_322' title='bbox 222 1858 250 1888; x_wconf 83' lang='lat'>9.</span> <span class='ocrx_word' id='word_1_323' title='bbox 283 1867 352 1896; x_wconf 86' lang='lat' dir='ltr'>cap.</span> <span class='ocrx_word' id='word_1_324' title='bbox 376 1859 406 1887; x_wconf 83' lang='grc'><strong>9.</strong></span> <span class='ocrx_word' id='word_1_325' title='bbox 443 1859 524 1888; x_wconf 82' lang='lat' dir='ltr'>Coel.</span> <span class='ocrx_word' id='word_1_326' title='bbox 550 1859 685 1898; x_wconf 79' lang='lat' dir='ltr'>Rhodig.</span> <span class='ocrx_word' id='word_1_327' title='bbox 711 1860 764 1889; x_wconf 82' lang='lat' dir='ltr'>lib.</span> <span class='ocrx_word' id='word_1_328' title='bbox 794 1862 824 1890; x_wconf 88' lang='grc'>7.</span> <span class='ocrx_word' id='word_1_329' title='bbox 853 1869 922 1897; x_wconf 85' lang='lat' dir='ltr'>cap.</span> <span class='ocrx_word' id='word_1_330' title='bbox 948 1861 978 1889; x_wconf 88' lang='lat'>4.</span> 
     </span>
     <span class='ocr_line' id='line_1_60' title="bbox 136 1898 974 1941; baseline 0.005 -13"><span class='ocrx_word' id='word_1_331' title='bbox 136 1898 208 1929; x_wconf 85' lang='lat' dir='ltr'>Jul.</span> <span class='ocrx_word' id='word_1_332' title='bbox 229 1901 366 1940; x_wconf 81' lang='lat' dir='ltr'>Scaliger</span> <span class='ocrx_word' id='word_1_333' title='bbox 379 1901 524 1931; x_wconf 90' lang='lat' dir='ltr'>Homero</span> <span class='ocrx_word' id='word_1_334' title='bbox 537 1901 714 1941; x_wconf 82' lang='lat' dir='ltr'>Virgilium</span> <span class='ocrx_word' id='word_1_335' title='bbox 731 1902 856 1941; x_wconf 65' lang='lat' dir='ltr'>praefert</span> <span class='ocrx_word' id='word_1_336' title='bbox 871 1914 876 1930; x_wconf 91' lang='lat'>:</span> <span class='ocrx_word' id='word_1_337' title='bbox 903 1903 974 1932; x_wconf 89' lang='lat' dir='ltr'>Pro-</span> 
     </span>
     <span class='ocr_line' id='line_1_61' title="bbox 137 1944 963 1984; baseline 0.004 -12"><span class='ocrx_word' id='word_1_338' title='bbox 137 1944 256 1981; x_wconf 86' lang='lat' dir='ltr'>pertius</span> <span class='ocrx_word' id='word_1_339' title='bbox 269 1944 367 1973; x_wconf 86' lang='lat' dir='ltr'>etiarn</span> <span class='ocrx_word' id='word_1_340' title='bbox 383 1944 426 1973; x_wconf 88' lang='lat' dir='ltr'>ita</span> <span class='ocrx_word' id='word_1_341' title='bbox 440 1944 538 1983; x_wconf 86' lang='lat' dir='ltr'>canit,</span> <span class='ocrx_word' id='word_1_342' title='bbox 555 1945 588 1974; x_wconf 91' lang='lat' dir='ltr'>in</span> <span class='ocrx_word' id='word_1_343' title='bbox 603 1944 713 1984; x_wconf 83' lang='lat' dir='ltr'>Elegia</span> <span class='ocrx_word' id='word_1_344' title='bbox 730 1946 845 1975; x_wconf 87' lang='lat' dir='ltr'>ultima</span> <span class='ocrx_word' id='word_1_345' title='bbox 862 1945 915 1975; x_wconf 85' lang='lat' dir='ltr'>lib.</span> <span class='ocrx_word' id='word_1_346' title='bbox 931 1946 963 1977; x_wconf 79' lang='lat'>2.</span> 
     </span>
    </p>

    <p class='ocr_par' dir='ltr' id='par_1_16' title="bbox 221 1985 915 2068">
     <span class='ocr_line' id='line_1_62' title="bbox 223 1985 915 2026; baseline 0 -11"><span class='ocrx_word' id='word_1_347' title='bbox 223 1987 330 2016; x_wconf 84' lang='lat' dir='ltr'>Cedite</span> <span class='ocrx_word' id='word_1_348' title='bbox 345 1985 477 2016; x_wconf 80' lang='lat' dir='ltr'>Romani</span> <span class='ocrx_word' id='word_1_349' title='bbox 493 1987 671 2026; x_wconf 78' lang='lat' dir='ltr'>Scriptores,</span> <span class='ocrx_word' id='word_1_350' title='bbox 689 1988 785 2018; x_wconf 80' lang='lat' dir='ltr'>cedite</span> <span class='ocrx_word' id='word_1_351' title='bbox 804 1988 915 2017; x_wconf 78' lang='lat' dir='ltr'>Graii:</span> 
     </span>
     <span class='ocr_line' id='line_1_63' title="bbox 221 2029 809 2068; baseline 0.005 -10"><span class='ocrx_word' id='word_1_352' title='bbox 221 2029 332 2059; x_wconf 58' lang='lat' dir='ltr'>A&#39;escio</span> <span class='ocrx_word' id='word_1_353' title='bbox 345 2030 420 2068; x_wconf 84' lang='lat' dir='ltr'>quid</span> <span class='ocrx_word' id='word_1_354' title='bbox 433 2030 533 2068; x_wconf 83' lang='lat' dir='ltr'>majus</span> <span class='ocrx_word' id='word_1_355' title='bbox 547 2031 684 2060; x_wconf 74' lang='lat' dir='ltr'>nascitur</span> <span class='ocrx_word' id='word_1_356' title='bbox 700 2030 809 2061; x_wconf 81' lang='lat' dir='ltr'>Iliade.</span> 
     </span>
    </p>

    <p class='ocr_par' dir='ltr' id='par_1_17' title="bbox 135 2071 972 2281">
     <span class='ocr_line' id='line_1_64' title="bbox 182 2071 972 2113; baseline 0.005 -13"><span class='ocrx_word' id='word_1_357' title='bbox 182 2071 254 2101; x_wconf 77' lang='lat'>180.</span> <span class='ocrx_word' id='word_1_358' title='bbox 280 2072 349 2105; x_wconf 65' lang='lat' dir='ltr'>Qud</span> <span class='ocrx_word' id='word_1_359' title='bbox 364 2082 431 2102; x_wconf 82' lang='lat' dir='ltr'>voce</span> <span class='ocrx_word' id='word_1_360' title='bbox 447 2072 605 2113; x_wconf 81' lang='lat' dir='ltr'>legantur]</span> <span class='ocrx_word' id='word_1_361' title='bbox 629 2073 704 2103; x_wconf 93' lang='lat' dir='ltr'>Non</span> <span class='ocrx_word' id='word_1_362' title='bbox 721 2080 768 2103; x_wconf 83' lang='lat' dir='ltr'>est</span> <span class='ocrx_word' id='word_1_363' title='bbox 784 2083 866 2113; x_wconf 85' lang='lat' dir='ltr'>opus</span> <span class='ocrx_word' id='word_1_364' title='bbox 882 2074 930 2112; x_wconf 81' lang='lat' dir='ltr'>adj</span> <span class='ocrx_word' id='word_1_365' title='bbox 938 2085 972 2105; x_wconf 90' lang='lat' dir='ltr'>u-</span> 
     </span>
     <span class='ocr_line' id='line_1_65' title="bbox 138 2114 972 2156; baseline 0.005 -13"><span class='ocrx_word' id='word_1_366' title='bbox 138 2123 210 2143; x_wconf 78' lang='lat' dir='ltr'>vare</span> <span class='ocrx_word' id='word_1_367' title='bbox 225 2114 363 2154; x_wconf 84' lang='lat' dir='ltr'>eleganti</span> <span class='ocrx_word' id='word_1_368' title='bbox 377 2117 641 2154; x_wconf 85' lang='lat' dir='ltr'>pronuntiatione</span> <span class='ocrx_word' id='word_1_369' title='bbox 657 2122 721 2146; x_wconf 88' lang='lat' dir='ltr'>tam</span> <span class='ocrx_word' id='word_1_370' title='bbox 736 2117 837 2147; x_wconf 83' lang='lat' dir='ltr'>bonos</span> <span class='ocrx_word' id='word_1_371' title='bbox 853 2126 920 2147; x_wconf 88' lang='lat' dir='ltr'>vers</span> <span class='ocrx_word' id='word_1_372' title='bbox 927 2129 972 2156; x_wconf 89' lang='lat' dir='ltr'>us,</span> 
     </span>
     <span class='ocr_line' id='line_1_66' title="bbox 137 2157 971 2198; baseline 0.006 -12"><span class='ocrx_word' id='word_1_373' title='bbox 137 2157 196 2195; x_wconf 89' lang='lat' dir='ltr'>qui</span> <span class='ocrx_word' id='word_1_374' title='bbox 212 2166 303 2187; x_wconf 86' lang='lat' dir='ltr'>suam</span> <span class='ocrx_word' id='word_1_375' title='bbox 319 2158 380 2197; x_wconf 87' lang='lat' dir='ltr'>ipsi</span> <span class='ocrx_word' id='word_1_376' title='bbox 395 2158 467 2187; x_wconf 86' lang='lat' dir='ltr'>satis</span> <span class='ocrx_word' id='word_1_377' title='bbox 481 2159 619 2196; x_wconf 86' lang='lat' dir='ltr'>produnt</span> <span class='ocrx_word' id='word_1_378' title='bbox 634 2160 835 2198; x_wconf 80' lang='lat' dir='ltr'>elegantiam.</span> <span class='ocrx_word' id='word_1_379' title='bbox 862 2161 971 2190; x_wconf 77' lang='lat' dir='ltr'>Adeo·</span> 
     </span>
     <span class='ocr_line' id='line_1_67' title="bbox 135 2200 970 2244; baseline 0.006 -15"><span class='ocrx_word' id='word_1_380' title='bbox 135 2208 203 2238; x_wconf 88' lang='lat' dir='ltr'>que</span> <span class='ocrx_word' id='word_1_381' title='bbox 218 2200 291 2230; x_wconf 89' lang='lat' dir='ltr'>licet</span> <span class='ocrx_word' id='word_1_382' title='bbox 305 2201 344 2230; x_wconf 87' lang='lat' dir='ltr'>ab</span> <span class='ocrx_word' id='word_1_383' title='bbox 361 2200 510 2239; x_wconf 87' lang='lat' dir='ltr'>imperito</span> <span class='ocrx_word' id='word_1_384' title='bbox 527 2202 664 2240; x_wconf 86' lang='lat' dir='ltr'>rudique</span> <span class='ocrx_word' id='word_1_385' title='bbox 688 2212 788 2240; x_wconf 85' lang='lat' dir='ltr'>puero</span> <span class='ocrx_word' id='word_1_386' title='bbox 810 2203 970 2244; x_wconf 85' lang='lat' dir='ltr'>legantur,</span> 
     </span>
     <span class='ocr_line' id='line_1_68' title="bbox 135 2243 372 2281; baseline 0.013 -11"><span class='ocrx_word' id='word_1_387' title='bbox 135 2251 250 2281; x_wconf 84' lang='lat' dir='ltr'>parum</span> <span class='ocrx_word' id='word_1_388' title='bbox 269 2243 372 2273; x_wconf 84' lang='lat' dir='ltr'>refert.</span> 
     </span>
    </p>

    <p class='ocr_par' dir='ltr' id='par_1_18' title="bbox 134 2285 969 2369">
     <span class='ocr_line' id='line_1_69' title="bbox 183 2285 969 2329; baseline 0.008 -15"><span class='ocrx_word' id='word_1_389' title='bbox 183 2285 252 2315; x_wconf 76' lang='lat'>181.</span> <span class='ocrx_word' id='word_1_390' title='bbox 274 2287 405 2325; x_wconf 77' lang='lat' dir='ltr'>Dilatis]</span> <span class='ocrx_word' id='word_1_391' title='bbox 430 2285 468 2316; x_wconf 89' lang='lat' dir='ltr'>In</span> <span class='ocrx_word' id='word_1_392' title='bbox 482 2287 569 2317; x_wconf 89' lang='lat' dir='ltr'>aliud</span> <span class='ocrx_word' id='word_1_393' title='bbox 584 2293 713 2326; x_wconf 87' lang='lat' dir='ltr'>tempus</span> <span class='ocrx_word' id='word_1_394' title='bbox 729 2289 862 2319; x_wconf 88' lang='lat' dir='ltr'>remissis</span> <span class='ocrx_word' id='word_1_395' title='bbox 875 2291 969 2329; x_wconf 86' lang='lat' dir='ltr'>curis,</span> 
     </span>
     <span class='ocr_line' id='line_1_70' title="bbox 134 2327 715 2369; baseline 0.005 -12"><span class='ocrx_word' id='word_1_396' title='bbox 134 2327 269 2358; x_wconf 83' lang='lat' dir='ltr'>hilarem</span> <span class='ocrx_word' id='word_1_397' title='bbox 283 2329 323 2359; x_wconf 86' lang='lat' dir='ltr'>ad</span> <span class='ocrx_word' id='word_1_398' title='bbox 340 2331 450 2369; x_wconf 82' lang='lat' dir='ltr'>epulas</span> <span class='ocrx_word' id='word_1_399' title='bbox 463 2331 611 2360; x_wconf 88' lang='lat' dir='ltr'>animum</span> <span class='ocrx_word' id='word_1_400' title='bbox 627 2330 715 2360; x_wconf 82' lang='lat' dir='ltr'>affer.</span> 
     </span>
    </p>

    <p class='ocr_par' dir='ltr' id='par_1_19' title="bbox 133 2371 969 2447">
     <span class='ocr_line' id='line_1_71' title="bbox 180 2371 969 2412; baseline 0.006 -11"><span class='ocrx_word' id='word_1_401' title='bbox 180 2371 250 2402; x_wconf 73' lang='lat'>1853.</span> <span class='ocrx_word' id='word_1_402' title='bbox 289 2372 440 2412; x_wconf 70' lang='lat' dir='ltr'>Fcenorz&#39;s]</span> <span class='ocrx_word' id='word_1_403' title='bbox 479 2373 576 2407; x_wconf 82' lang='lat' dir='ltr'>Quod</span> <span class='ocrx_word' id='word_1_404' title='bbox 602 2374 708 2412; x_wconf 85' lang='lat' dir='ltr'>debes,</span> <span class='ocrx_word' id='word_1_405' title='bbox 744 2381 802 2405; x_wconf 83' lang='lat' dir='ltr'>aut</span> <span class='ocrx_word' id='word_1_406' title='bbox 836 2375 890 2406; x_wconf 86' lang='lat' dir='ltr'>tibi</span> <span class='ocrx_word' id='word_1_407' title='bbox 916 2376 969 2407; x_wconf 88' lang='lat' dir='ltr'>de-</span> 
     </span>
     <span class='ocr_line' id='line_1_72' title="bbox 133 2413 236 2447; baseline 0.029 -3"><span class='ocrx_word' id='word_1_408' title='bbox 133 2413 236 2447; x_wconf 85' lang='lat' dir='ltr'>betur.</span> 
     </span>
    </p>

    <p class='ocr_par' dir='ltr' id='par_1_20' title="bbox 129 2458 970 2543">
     <span class='ocr_line' id='line_1_73' title="bbox 180 2458 970 2503; baseline 0.008 -15"><span class='ocrx_word' id='word_1_409' title='bbox 180 2458 249 2488; x_wconf 82' lang='lat'>185.</span> <span class='ocrx_word' id='word_1_410' title='bbox 270 2458 390 2498; x_wconf 78' lang='lat' dir='ltr'>Tacito]</span> <span class='ocrx_word' id='word_1_411' title='bbox 411 2460 638 2490; x_wconf 86' lang='lat' dir='ltr'>Dissimulanti</span> <span class='ocrx_word' id='word_1_412' title='bbox 654 2462 683 2490; x_wconf 71' lang='lat' dir='ltr'>&lt;Sc</span> <span class='ocrx_word' id='word_1_413' title='bbox 697 2470 760 2491; x_wconf 90' lang='lat' dir='ltr'>non</span> <span class='ocrx_word' id='word_1_414' title='bbox 776 2471 854 2493; x_wconf 86' lang='lat' dir='ltr'>auso</span> <span class='ocrx_word' id='word_1_415' title='bbox 868 2465 970 2503; x_wconf 84' lang='lat' dir='ltr'>suspi-</span> 
     </span>
     <span class='ocr_line' id='line_1_74' title="bbox 129 2500 952 2543; baseline 0.007 -13"><span class='ocrx_word' id='word_1_416' title='bbox 129 2500 260 2532; x_wconf 76' lang='lat' dir='ltr'>cionem</span> <span class='ocrx_word' id='word_1_417' title='bbox 276 2503 316 2531; x_wconf 87' lang='lat' dir='ltr'>de</span> <span class='ocrx_word' id='word_1_418' title='bbox 331 2504 487 2533; x_wconf 84' lang='lat' dir='ltr'>adulterio</span> <span class='ocrx_word' id='word_1_419' title='bbox 503 2504 640 2541; x_wconf 89' lang='lat' dir='ltr'>objicere</span> <span class='ocrx_word' id='word_1_420' title='bbox 657 2505 751 2534; x_wconf 82' lang='lat' dir='ltr'>uxori</span> <span class='ocrx_word' id='word_1_421' title='bbox 766 2505 952 2543; x_wconf 79' lang='lat' dir='ltr'>imperiosae.</span> 
     </span>
    </p>

    <p class='ocr_par' dir='ltr' id='par_1_21' title="bbox 135 2544 965 2627">
     <span class='ocr_line' id='line_1_75' title="bbox 179 2544 965 2587; baseline 0.01 -14"><span class='ocrx_word' id='word_1_422' title='bbox 179 2544 249 2574; x_wconf 83' lang='lat'>186.</span> <span class='ocrx_word' id='word_1_423' title='bbox 272 2545 433 2584; x_wconf 68' lang='lat' dir='ltr'>Iisullitia]</span> <span class='ocrx_word' id='word_1_424' title='bbox 456 2546 568 2577; x_wconf 80' lang='lat' dir='ltr'>Vestes</span> <span class='ocrx_word' id='word_1_425' title='bbox 583 2546 601 2575; x_wconf 82' lang='grc' dir='ltr'>ὲ</span> <span class='ocrx_word' id='word_1_426' title='bbox 616 2547 727 2577; x_wconf 85' lang='lat' dir='ltr'>subtili</span> <span class='ocrx_word' id='word_1_427' title='bbox 739 2557 859 2587; x_wconf 89' lang='lat' dir='ltr'>panno,</span> <span class='ocrx_word' id='word_1_428' title='bbox 876 2549 965 2580; x_wconf 91' lang='lat' dir='ltr'>bom-</span> 
     </span>
     <span class='ocr_line' id='line_1_76' title="bbox 135 2585 831 2627; baseline 0.01 -12"><span class='ocrx_word' id='word_1_429' title='bbox 135 2585 273 2625; x_wconf 85' lang='lat' dir='ltr'>bycinas.</span> <span class='ocrx_word' id='word_1_430' title='bbox 297 2589 363 2618; x_wconf 93' lang='lat' dir='ltr'>Sat.</span> <span class='ocrx_word' id='word_1_431' title='bbox 376 2591 407 2619; x_wconf 73' lang='lat'>2.</span> <span class='ocrx_word' id='word_1_432' title='bbox 424 2600 452 2619; x_wconf 89' lang='lat' dir='ltr'>v.</span> <span class='ocrx_word' id='word_1_433' title='bbox 467 2589 519 2619; x_wconf 85' lang='lat'>66.</span> <span class='ocrx_word' id='word_1_434' title='bbox 828 2624 831 2627; x_wconf 65' lang='grc'><strong>,</strong></span> 
     </span>
    </p>

    <p class='ocr_par' dir='ltr' id='par_1_22' title="bbox 132 2629 968 2759">
     <span class='ocr_line' id='line_1_77' title="bbox 179 2629 968 2675; baseline 0.008 -17"><span class='ocrx_word' id='word_1_435' title='bbox 179 2629 250 2660; x_wconf 90' lang='grc'><strong>187.</strong></span> <span class='ocrx_word' id='word_1_436' title='bbox 278 2629 469 2671; x_wconf 68' lang='lat' dir='ltr'>Vexatasque</span> <span class='ocrx_word' id='word_1_437' title='bbox 491 2643 602 2671; x_wconf 82' lang='lat' dir='ltr'>comas,</span> <span class='ocrx_word' id='word_1_438' title='bbox 625 2635 648 2671; x_wconf 65' lang='grc' dir='ltr'>ξ)-</span> <span class='ocrx_word' id='word_1_439' title='bbox 671 2634 786 2663; x_wconf 74' lang='lat' dir='ltr'>vultum</span> <span class='ocrx_word' id='word_1_440' title='bbox 808 2645 968 2675; x_wconf 81' lang='lat' dir='ltr'>auremque</span> 
     </span>
     <span class='ocr_line' id='line_1_78' title="bbox 132 2673 967 2717; baseline 0.012 -17"><span class='ocrx_word' id='word_1_441' title='bbox 132 2673 294 2712; x_wconf 83' lang='lat' dir='ltr'>calentem]</span> <span class='ocrx_word' id='word_1_442' title='bbox 318 2675 418 2705; x_wconf 86' lang='lat' dir='ltr'>Notas</span> <span class='ocrx_word' id='word_1_443' title='bbox 435 2677 606 2716; x_wconf 86' lang='lat' dir='ltr'>perpetrati</span> <span class='ocrx_word' id='word_1_444' title='bbox 623 2682 764 2706; x_wconf 86' lang='lat' dir='ltr'>recenter</span> <span class='ocrx_word' id='word_1_445' title='bbox 775 2676 900 2717; x_wconf 80' lang='lat' dir='ltr'>flagitii,</span> <span class='ocrx_word' id='word_1_446' title='bbox 925 2690 967 2710; x_wconf 85' lang='lat' dir='ltr'>ex</span> 
     </span>
     <span class='ocr_line' id='line_1_79' title="bbox 132 2715 825 2759; baseline 0.009 -16"><span class='ocrx_word' id='word_1_447' title='bbox 132 2715 290 2745; x_wconf 87' lang='lat' dir='ltr'>Suetonio</span> <span class='ocrx_word' id='word_1_448' title='bbox 304 2717 446 2756; x_wconf 81' lang='lat' dir='ltr'>August.</span> <span class='ocrx_word' id='word_1_449' title='bbox 459 2730 486 2749; x_wconf 88' lang='lat' dir='ltr'>c.</span> <span class='ocrx_word' id='word_1_450' title='bbox 502 2720 554 2749; x_wconf 82' lang='lat'>69.</span> <span class='ocrx_word' id='word_1_451' title='bbox 571 2721 599 2749; x_wconf 60' lang='grc' dir='ltr'>ὃ(</span> <span class='ocrx_word' id='word_1_452' title='bbox 614 2719 711 2759; x_wconf 80' lang='lat' dir='ltr'>Calig.</span> <span class='ocrx_word' id='word_1_453' title='bbox 727 2728 755 2748; x_wconf 96' lang='lat' dir='ltr'>c.</span> <span class='ocrx_word' id='word_1_454' title='bbox 771 2720 825 2750; x_wconf 73' lang='lat'>36.</span> 
     </span>
    </p>

    <p class='ocr_par' dir='ltr' id='par_1_23' title="bbox 127 2758 965 2921">
     <span class='ocr_line' id='line_1_80' title="bbox 177 2758 965 2801; baseline 0.01 -15"><span class='ocrx_word' id='word_1_455' title='bbox 177 2758 248 2788; x_wconf 82' lang='lat'>189.</span> <span class='ocrx_word' id='word_1_456' title='bbox 271 2758 356 2789; x_wconf 84' lang='lat' dir='ltr'>Pone</span> <span class='ocrx_word' id='word_1_457' title='bbox 371 2762 499 2799; x_wconf 78' lang='lat' dir='ltr'>domum,</span> <span class='ocrx_word' id='word_1_458' title='bbox 526 2762 592 2800; x_wconf 54' lang='lat' dir='ltr'>iga]</span> <span class='ocrx_word' id='word_1_459' title='bbox 626 2762 766 2801; x_wconf 89' lang='lat' dir='ltr'>Depone</span> <span class='ocrx_word' id='word_1_460' title='bbox 785 2773 894 2794; x_wconf 85' lang='lat' dir='ltr'>curam</span> <span class='ocrx_word' id='word_1_461' title='bbox 910 2765 965 2795; x_wconf 91' lang='lat' dir='ltr'>do-</span> 
     </span>
     <span class='ocr_line' id='line_1_81' title="bbox 132 2800 964 2844; baseline 0.011 -16"><span class='ocrx_word' id='word_1_462' title='bbox 132 2800 217 2837; x_wconf 70' lang='lat' dir='ltr'>mus,</span> <span class='ocrx_word' id='word_1_463' title='bbox 234 2801 416 2834; x_wconf 84' lang='lat' dir='ltr'>obliviscere</span> <span class='ocrx_word' id='word_1_464' title='bbox 431 2815 594 2835; x_wconf 82' lang='lat' dir='ltr'>servorum</span> <span class='ocrx_word' id='word_1_465' title='bbox 618 2812 717 2844; x_wconf 85' lang='lat' dir='ltr'>atque</span> <span class='ocrx_word' id='word_1_466' title='bbox 733 2806 889 2836; x_wconf 80' lang='lat' dir='ltr'>sodalium</span> <span class='ocrx_word' id='word_1_467' title='bbox 905 2808 964 2837; x_wconf 85' lang='lat' dir='ltr'>im-</span> 
     </span>
     <span class='ocr_line' id='line_1_82' title="bbox 131 2844 964 2888; baseline 0.011 -17"><span class='ocrx_word' id='word_1_468' title='bbox 131 2844 335 2883; x_wconf 86' lang='lat' dir='ltr'>probitatem,</span> <span class='ocrx_word' id='word_1_469' title='bbox 346 2855 387 2876; x_wconf 92' lang='lat' dir='ltr'>ne</span> <span class='ocrx_word' id='word_1_470' title='bbox 400 2848 476 2886; x_wconf 92' lang='lat' dir='ltr'>quid</span> <span class='ocrx_word' id='word_1_471' title='bbox 492 2850 532 2878; x_wconf 88' lang='lat' dir='ltr'>sit</span> <span class='ocrx_word' id='word_1_472' title='bbox 546 2848 635 2887; x_wconf 88' lang='lat' dir='ltr'>quod</span> <span class='ocrx_word' id='word_1_473' title='bbox 647 2853 738 2878; x_wconf 83' lang='lat' dir='ltr'>tuam</span> <span class='ocrx_word' id='word_1_474' title='bbox 755 2849 793 2879; x_wconf 85' lang='lat' dir='ltr'>ab</span> <span class='ocrx_word' id='word_1_475' title='bbox 806 2850 896 2879; x_wconf 88' lang='lat' dir='ltr'>hilari</span> <span class='ocrx_word' id='word_1_476' title='bbox 911 2851 964 2888; x_wconf 86' lang='lat' dir='ltr'>ju-</span> 
     </span>
     <span class='ocr_line' id='line_1_83' title="bbox 127 2887 589 2921; baseline 0.015 -7"><span class='ocrx_word' id='word_1_477' title='bbox 127 2887 294 2916; x_wconf 85' lang='lat' dir='ltr'>cunditate</span> <span class='ocrx_word' id='word_1_478' title='bbox 310 2896 454 2920; x_wconf 85' lang='lat' dir='ltr'>mentem</span> <span class='ocrx_word' id='word_1_479' title='bbox 468 2898 589 2921; x_wconf 79' lang='lat' dir='ltr'>avocet.</span> 
     </span>
    </p>

    <p class='ocr_par' dir='ltr' id='par_1_24' title="bbox 123 2929 964 3103">
     <span class='ocr_line' id='line_1_84' title="bbox 175 2929 963 2975; baseline 0.009 -17"><span class='ocrx_word' id='word_1_480' title='bbox 175 2929 246 2959; x_wconf 85' lang='lat'>191.</span> <span class='ocrx_word' id='word_1_481' title='bbox 263 2929 385 2962; x_wconf 77' lang='lat' dir='ltr'>Interea</span> <span class='ocrx_word' id='word_1_482' title='bbox 400 2933 628 2973; x_wconf 60' lang='lat' dir='ltr'>Megalesium,</span> <span class='ocrx_word' id='word_1_483' title='bbox 644 2936 684 2972; x_wconf 68' lang='lat'>550</span> <span class='ocrx_word' id='word_1_484' title='bbox 698 2933 712 2975; x_wconf 94' lang='lat'>]</span> <span class='ocrx_word' id='word_1_485' title='bbox 736 2934 827 2965; x_wconf 90' lang='lat' dir='ltr'>Dum</span> <span class='ocrx_word' id='word_1_486' title='bbox 843 2945 900 2965; x_wconf 92' lang='lat' dir='ltr'>nos</span> <span class='ocrx_word' id='word_1_487' title='bbox 916 2937 963 2966; x_wconf 90' lang='lat' dir='ltr'>in-</span> 
     </span>
     <span class='ocr_line' id='line_1_85' title="bbox 127 2973 962 3013; baseline 0.01 -13"><span class='ocrx_word' id='word_1_488' title='bbox 127 2973 281 3001; x_wconf 84' lang='lat' dir='ltr'>struimus</span> <span class='ocrx_word' id='word_1_489' title='bbox 307 2976 503 3013; x_wconf 78' lang='lat' dir='ltr'>convivium,</span> <span class='ocrx_word' id='word_1_490' title='bbox 540 2977 731 3007; x_wconf 84' lang='lat' dir='ltr'>circensibus</span> <span class='ocrx_word' id='word_1_491' title='bbox 766 2978 847 3007; x_wconf 80' lang='lat' dir='ltr'>ludis</span> <span class='ocrx_word' id='word_1_492' title='bbox 881 2979 962 3008; x_wconf 89' lang='lat' dir='ltr'>deti·</span> 
     </span>
     <span class='ocr_line' id='line_1_86' title="bbox 125 3015 964 3060; baseline 0.011 -18"><span class='ocrx_word' id='word_1_493' title='bbox 125 3021 222 3044; x_wconf 86' lang='lat' dir='ltr'>netur</span> <span class='ocrx_word' id='word_1_494' title='bbox 240 3015 333 3046; x_wconf 86' lang='lat' dir='ltr'>Rom.</span> <span class='ocrx_word' id='word_1_495' title='bbox 345 3019 450 3048; x_wconf 89' lang='lat' dir='ltr'>omnis</span> <span class='ocrx_word' id='word_1_496' title='bbox 461 3021 613 3058; x_wconf 86' lang='lat' dir='ltr'>populus,</span> <span class='ocrx_word' id='word_1_497' title='bbox 628 3030 735 3059; x_wconf 85' lang='lat' dir='ltr'>neque</span> <span class='ocrx_word' id='word_1_498' title='bbox 752 3031 856 3059; x_wconf 86' lang='lat' dir='ltr'>posses</span> <span class='ocrx_word' id='word_1_499' title='bbox 872 3022 964 3060; x_wconf 88' lang='lat' dir='ltr'>quid-</span> 
     </span>
     <span class='ocr_line' id='line_1_87' title="bbox 123 3061 964 3103; baseline 0.01 -17"><span class='ocrx_word' id='word_1_500' title='bbox 123 3065 225 3097; x_wconf 87' lang='lat' dir='ltr'>quam</span> <span class='ocrx_word' id='word_1_501' title='bbox 241 3061 366 3100; x_wconf 86' lang='lat' dir='ltr'>negotii</span> <span class='ocrx_word' id='word_1_502' title='bbox 374 3070 450 3092; x_wconf 88' lang='lat' dir='ltr'>cum</span> <span class='ocrx_word' id='word_1_503' title='bbox 468 3063 534 3093; x_wconf 84' lang='lat' dir='ltr'>ullo</span> <span class='ocrx_word' id='word_1_504' title='bbox 548 3073 711 3103; x_wconf 81' lang='lat' dir='ltr'>peragere,</span> <span class='ocrx_word' id='word_1_505' title='bbox 727 3064 850 3095; x_wconf 82' lang='lat' dir='ltr'>etiamsi</span> <span class='ocrx_word' id='word_1_506' title='bbox 862 3065 964 3096; x_wconf 77' lang='lat' dir='ltr'>maxi-</span> 
     </span>
    </p>
   </div>
   <div class='ocr_carea' id='block_1_12' title="bbox 1007 1513 1873 3115">
    <p class='ocr_par' dir='ltr' id='par_1_25' title="bbox 1021 1513 1864 1589">
     <span class='ocr_line' id='line_1_88' title="bbox 1024 1513 1864 1555; baseline 0.01 -11"><span class='ocrx_word' id='word_1_507' title='bbox 1024 1513 1077 1545; x_wconf 73' lang='lat' dir='ltr'>me</span> <span class='ocrx_word' id='word_1_508' title='bbox 1090 1515 1186 1545; x_wconf 74' lang='lat' dir='ltr'>velles</span> <span class='ocrx_word' id='word_1_509' title='bbox 1200 1526 1206 1544; x_wconf 77' lang='lat' dir='ltr'><strong><em>z</em></strong></span> <span class='ocrx_word' id='word_1_510' title='bbox 1232 1524 1305 1555; x_wconf 84' lang='lat' dir='ltr'>ergo</span> <span class='ocrx_word' id='word_1_511' title='bbox 1322 1518 1409 1544; x_wconf 85' lang='lat' dir='ltr'>totus</span> <span class='ocrx_word' id='word_1_512' title='bbox 1427 1524 1501 1545; x_wconf 78' lang='lat' dir='ltr'>vaca</span> <span class='ocrx_word' id='word_1_513' title='bbox 1514 1516 1626 1546; x_wconf 85' lang='lat' dir='ltr'>nostris</span> <span class='ocrx_word' id='word_1_514' title='bbox 1643 1517 1709 1548; x_wconf 82' lang='lat' dir='ltr'>istls</span> <span class='ocrx_word' id='word_1_515' title='bbox 1723 1519 1864 1555; x_wconf 51' lang='lat' dir='ltr'>oblectar-</span> 
     </span>
     <span class='ocr_line' id='line_1_89' title="bbox 1021 1559 1190 1589; baseline 0 -1"><span class='ocrx_word' id='word_1_516' title='bbox 1021 1559 1190 1589; x_wconf 82' lang='lat' dir='ltr'>tiunculis.</span> 
     </span>
    </p>

    <p class='ocr_par' dir='ltr' id='par_1_26' title="bbox 1020 1601 1873 1768">
     <span class='ocr_line' id='line_1_90' title="bbox 1062 1601 1864 1644; baseline 0.011 -13"><span class='ocrx_word' id='word_1_517' title='bbox 1062 1601 1297 1643; x_wconf 58' lang='lat' dir='ltr'>Megalesiacae]</span> <span class='ocrx_word' id='word_1_518' title='bbox 1315 1601 1503 1641; x_wconf 85' lang='lat' dir='ltr'>Megalesia,</span> <span class='ocrx_word' id='word_1_519' title='bbox 1517 1603 1584 1632; x_wconf 80' lang='lat' dir='ltr'>sive</span> <span class='ocrx_word' id='word_1_520' title='bbox 1599 1602 1801 1644; x_wconf 83' lang='lat' dir='ltr'>Megalenses</span> <span class='ocrx_word' id='word_1_521' title='bbox 1813 1609 1864 1640; x_wconf 88' lang='lat' dir='ltr'>lu-</span> 
     </span>
     <span class='ocr_line' id='line_1_91' title="bbox 1020 1642 1862 1692; baseline 0.013 -21"><span class='ocrx_word' id='word_1_522' title='bbox 1020 1645 1065 1683; x_wconf 86' lang='lat' dir='ltr'>di,</span> <span class='ocrx_word' id='word_1_523' title='bbox 1092 1645 1109 1674; x_wconf 70' lang='lat' dir='ltr'>a</span> <span class='ocrx_word' id='word_1_524' title='bbox 1130 1645 1269 1684; x_wconf 63' lang='grc' dir='ltr'>μεγάλης</span> <span class='ocrx_word' id='word_1_525' title='bbox 1288 1642 1399 1685; x_wconf 55' lang='lat' dir='ltr'>urssebe,</span> <span class='ocrx_word' id='word_1_526' title='bbox 1421 1645 1495 1675; x_wconf 88' lang='lat' dir='ltr'>dicti</span> <span class='ocrx_word' id='word_1_527' title='bbox 1521 1646 1597 1685; x_wconf 83' lang='lat' dir='ltr'>quia</span> <span class='ocrx_word' id='word_1_528' title='bbox 1621 1650 1714 1678; x_wconf 88' lang='lat' dir='ltr'>matri</span> <span class='ocrx_word' id='word_1_529' title='bbox 1736 1659 1862 1692; x_wconf 78' lang='lat' dir='ltr'>magnae</span> 
     </span>
     <span class='ocr_line' id='line_1_92' title="bbox 1021 1688 1873 1734; baseline 0.012 -17"><span class='ocrx_word' id='word_1_530' title='bbox 1021 1688 1182 1726; x_wconf 82' lang='lat' dir='ltr'>dedicati3</span> <span class='ocrx_word' id='word_1_531' title='bbox 1207 1689 1258 1718; x_wconf 79' lang='lat' dir='ltr'>vel</span> <span class='ocrx_word' id='word_1_532' title='bbox 1275 1689 1362 1728; x_wconf 79' lang='lat' dir='ltr'>quod</span> <span class='ocrx_word' id='word_1_533' title='bbox 1379 1689 1501 1728; x_wconf 75' lang='lat' dir='ltr'>magnis</span> <span class='ocrx_word' id='word_1_534' title='bbox 1514 1689 1625 1719; x_wconf 85' lang='lat' dir='ltr'>fierent</span> <span class='ocrx_word' id='word_1_535' title='bbox 1641 1691 1808 1734; x_wconf 85' lang='lat' dir='ltr'>impensis,</span> <span class='ocrx_word' id='word_1_536' title='bbox 1825 1702 1873 1727; x_wconf 73' lang='lat' dir='ltr'>utr</span> 
     </span>
     <span class='ocr_line' id='line_1_93' title="bbox 1023 1731 1783 1768; baseline 0.007 -7"><span class='ocrx_word' id='word_1_537' title='bbox 1023 1731 1094 1761; x_wconf 89' lang='lat' dir='ltr'>vult</span> <span class='ocrx_word' id='word_1_538' title='bbox 1109 1732 1230 1761; x_wconf 86' lang='lat' dir='ltr'>Ascon.</span> <span class='ocrx_word' id='word_1_539' title='bbox 1245 1732 1414 1763; x_wconf 84' lang='lat' dir='ltr'>Pedianus.</span> <span class='ocrx_word' id='word_1_540' title='bbox 1460 1732 1542 1762; x_wconf 89' lang='lat' dir='ltr'>Vide</span> <span class='ocrx_word' id='word_1_541' title='bbox 1557 1734 1623 1763; x_wconf 88' lang='lat' dir='ltr'>Sat.</span> <span class='ocrx_word' id='word_1_542' title='bbox 1639 1735 1669 1764; x_wconf 85' lang='lat'>6.</span> <span class='ocrx_word' id='word_1_543' title='bbox 1686 1745 1716 1766; x_wconf 91' lang='lat' dir='ltr'>v.</span> <span class='ocrx_word' id='word_1_544' title='bbox 1732 1736 1783 1768; x_wconf 84' lang='lat'>69.</span> 
     </span>
    </p>

    <p class='ocr_par' dir='ltr' id='par_1_27' title="bbox 1014 1774 1867 2418">
     <span class='ocr_line' id='line_1_94' title="bbox 1065 1774 1864 1819; baseline 0.01 -16"><span class='ocrx_word' id='word_1_545' title='bbox 1065 1774 1208 1813; x_wconf 72' lang='lat' dir='ltr'>Mappae]</span> <span class='ocrx_word' id='word_1_546' title='bbox 1223 1775 1427 1805; x_wconf 87' lang='lat' dir='ltr'>Circensium</span> <span class='ocrx_word' id='word_1_547' title='bbox 1439 1775 1589 1805; x_wconf 86' lang='lat' dir='ltr'>ludorum</span> <span class='ocrx_word' id='word_1_548' title='bbox 1604 1778 1733 1817; x_wconf 84' lang='lat' dir='ltr'>signum</span> <span class='ocrx_word' id='word_1_549' title='bbox 1748 1782 1864 1819; x_wconf 83' lang='lat' dir='ltr'>pariter</span> 
     </span>
     <span class='ocr_line' id='line_1_95' title="bbox 1023 1817 1867 1858; baseline 0.011 -12"><span class='ocrx_word' id='word_1_550' title='bbox 1023 1818 1051 1846; x_wconf 68' lang='lat' dir='ltr'>d:</span> <span class='ocrx_word' id='word_1_551' title='bbox 1076 1818 1248 1855; x_wconf 58' lang='lat' dir='ltr'>premium</span> <span class='ocrx_word' id='word_1_552' title='bbox 1272 1824 1337 1847; x_wconf 88' lang='lat' dir='ltr'>erat</span> <span class='ocrx_word' id='word_1_553' title='bbox 1360 1818 1497 1857; x_wconf 84' lang='lat' dir='ltr'>Mappa:</span> <span class='ocrx_word' id='word_1_554' title='bbox 1523 1817 1591 1851; x_wconf 82' lang='lat' dir='ltr'>Qui</span> <span class='ocrx_word' id='word_1_555' title='bbox 1606 1830 1675 1850; x_wconf 91' lang='lat' dir='ltr'>mos</span> <span class='ocrx_word' id='word_1_556' title='bbox 1691 1822 1709 1850; x_wconf 82' lang='lat' dir='ltr'>a</span> <span class='ocrx_word' id='word_1_557' title='bbox 1731 1822 1867 1858; x_wconf 72' lang='lat' dir='ltr'>Nerone»</span> 
     </span>
     <span class='ocr_line' id='line_1_96' title="bbox 1020 1859 1859 1903; baseline 0.006 -14"><span class='ocrx_word' id='word_1_558' title='bbox 1020 1859 1128 1890; x_wconf 85' lang='lat' dir='ltr'>fluxit.</span> <span class='ocrx_word' id='word_1_559' title='bbox 1175 1860 1259 1890; x_wconf 78' lang='lat' dir='ltr'>Cum</span> <span class='ocrx_word' id='word_1_560' title='bbox 1275 1861 1361 1890; x_wconf 88' lang='lat' dir='ltr'>enirn</span> <span class='ocrx_word' id='word_1_561' title='bbox 1385 1861 1551 1899; x_wconf 89' lang='lat' dir='ltr'>spectandi</span> <span class='ocrx_word' id='word_1_562' title='bbox 1572 1863 1663 1893; x_wconf 86' lang='lat' dir='ltr'>avida</span> <span class='ocrx_word' id='word_1_563' title='bbox 1687 1865 1779 1903; x_wconf 86' lang='lat' dir='ltr'>plebs</span> <span class='ocrx_word' id='word_1_564' title='bbox 1807 1869 1859 1899; x_wconf 85' lang='lat' dir='ltr'>in-</span> 
     </span>
     <span class='ocr_line' id='line_1_97' title="bbox 1019 1904 1858 1947; baseline 0.008 -15"><span class='ocrx_word' id='word_1_565' title='bbox 1019 1909 1128 1941; x_wconf 81' lang='lat' dir='ltr'>staret,</span> <span class='ocrx_word' id='word_1_566' title='bbox 1153 1909 1190 1933; x_wconf 87' lang='lat' dir='ltr'>ut</span> <span class='ocrx_word' id='word_1_567' title='bbox 1204 1904 1446 1942; x_wconf 76' lang='lat' dir='ltr'>quamprimum</span> <span class='ocrx_word' id='word_1_568' title='bbox 1462 1904 1530 1934; x_wconf 88' lang='lat' dir='ltr'>ludi</span> <span class='ocrx_word' id='word_1_569' title='bbox 1547 1905 1778 1947; x_wconf 85' lang='lat' dir='ltr'>inciperentur,</span> <span class='ocrx_word' id='word_1_570' title='bbox 1795 1912 1823 1941; x_wconf 58' lang='grc' dir='ltr'>ὅ(</span> <span class='ocrx_word' id='word_1_571' title='bbox 1839 1912 1858 1943; x_wconf 78' lang='grc' dir='ltr'>ὲ</span> 
     </span>
     <span class='ocr_line' id='line_1_98' title="bbox 1019 1946 1857 1988; baseline 0.011 -13"><span class='ocrx_word' id='word_1_572' title='bbox 1019 1947 1194 1976; x_wconf 81' lang='lat' dir='ltr'>carceribus</span> <span class='ocrx_word' id='word_1_573' title='bbox 1211 1946 1355 1976; x_wconf 81' lang='lat' dir='ltr'>exeundi</span> <span class='ocrx_word' id='word_1_574' title='bbox 1377 1947 1505 1986; x_wconf 86' lang='lat' dir='ltr'>signum</span> <span class='ocrx_word' id='word_1_575' title='bbox 1529 1948 1690 1988; x_wconf 80' lang='lat' dir='ltr'>quadrigis</span> <span class='ocrx_word' id='word_1_576' title='bbox 1712 1954 1857 1985; x_wconf 87' lang='lat' dir='ltr'>mittere-</span> 
     </span>
     <span class='ocr_line' id='line_1_99' title="bbox 1020 1989 1856 2035; baseline 0.007 -17"><span class='ocrx_word' id='word_1_577' title='bbox 1020 1996 1082 2026; x_wconf 83' lang='lat' dir='ltr'>tur,</span> <span class='ocrx_word' id='word_1_578' title='bbox 1105 1989 1192 2019; x_wconf 91' lang='lat' dir='ltr'>Nero</span> <span class='ocrx_word' id='word_1_579' title='bbox 1217 1995 1288 2020; x_wconf 91' lang='lat' dir='ltr'>tum</span> <span class='ocrx_word' id='word_1_580' title='bbox 1313 1990 1470 2028; x_wconf 84' lang='lat' dir='ltr'>prandens</span> <span class='ocrx_word' id='word_1_581' title='bbox 1496 1991 1640 2030; x_wconf 88' lang='lat' dir='ltr'>indulsit,</span> <span class='ocrx_word' id='word_1_582' title='bbox 1657 1994 1686 2022; x_wconf 72' lang='lat' dir='ltr'>Sc</span> <span class='ocrx_word' id='word_1_583' title='bbox 1703 2004 1856 2035; x_wconf 83' lang='lat' dir='ltr'>mappam</span> 
     </span>
     <span class='ocr_line' id='line_1_100' title="bbox 1019 2033 1854 2075; baseline 0.005 -13"><span class='ocrx_word' id='word_1_584' title='bbox 1019 2034 1084 2071; x_wconf 67' lang='lat' dir='ltr'>qua</span> <span class='ocrx_word' id='word_1_585' title='bbox 1098 2042 1212 2063; x_wconf 88' lang='lat' dir='ltr'>manus</span> <span class='ocrx_word' id='word_1_586' title='bbox 1229 2033 1381 2072; x_wconf 85' lang='lat' dir='ltr'>tergebat,</span> <span class='ocrx_word' id='word_1_587' title='bbox 1397 2034 1554 2064; x_wconf 80' lang='lat' dir='ltr'>continuo</span> <span class='ocrx_word' id='word_1_588' title='bbox 1565 2034 1661 2072; x_wconf 85' lang='lat' dir='ltr'>jussit</span> <span class='ocrx_word' id='word_1_589' title='bbox 1676 2046 1732 2075; x_wconf 89' lang='lat' dir='ltr'>per</span> <span class='ocrx_word' id='word_1_590' title='bbox 1749 2038 1854 2071; x_wconf 80' lang='lat' dir='ltr'>senes-</span> 
     </span>
     <span class='ocr_line' id='line_1_101' title="bbox 1018 2076 1857 2116; baseline 0.008 -12"><span class='ocrx_word' id='word_1_591' title='bbox 1018 2081 1098 2105; x_wconf 85' lang='lat' dir='ltr'>tram</span> <span class='ocrx_word' id='word_1_592' title='bbox 1115 2076 1222 2114; x_wconf 88' lang='lat' dir='ltr'>abjici,</span> <span class='ocrx_word' id='word_1_593' title='bbox 1249 2077 1336 2106; x_wconf 87' lang='lat' dir='ltr'>velut</span> <span class='ocrx_word' id='word_1_594' title='bbox 1352 2077 1492 2115; x_wconf 80' lang='lat' dir='ltr'>signum.</span> <span class='ocrx_word' id='word_1_595' title='bbox 1537 2076 1712 2109; x_wconf 86' lang='lat' dir='ltr'>Cassiodor.</span> <span class='ocrx_word' id='word_1_596' title='bbox 1727 2081 1760 2110; x_wconf 80' lang='lat'>3.</span> <span class='ocrx_word' id='word_1_597' title='bbox 1787 2082 1857 2116; x_wconf 77' lang='lat' dir='ltr'>Var,</span> 
     </span>
     <span class='ocr_line' id='line_1_102' title="bbox 1015 2119 1857 2166; baseline 0.008 -18"><span class='ocrx_word' id='word_1_598' title='bbox 1015 2128 1042 2148; x_wconf 87' lang='lat' dir='ltr'>c.</span> <span class='ocrx_word' id='word_1_599' title='bbox 1059 2120 1111 2148; x_wconf 84' lang='lat'>51.</span> <span class='ocrx_word' id='word_1_600' title='bbox 1127 2119 1214 2149; x_wconf 87' lang='lat' dir='ltr'>Vide</span> <span class='ocrx_word' id='word_1_601' title='bbox 1230 2119 1374 2149; x_wconf 88' lang='lat' dir='ltr'>Turneb.</span> <span class='ocrx_word' id='word_1_602' title='bbox 1388 2120 1443 2150; x_wconf 88' lang='lat' dir='ltr'>lib.</span> <span class='ocrx_word' id='word_1_603' title='bbox 1462 2120 1512 2150; x_wconf 87' lang='lat'>18.</span> <span class='ocrx_word' id='word_1_604' title='bbox 1530 2130 1558 2151; x_wconf 94' lang='lat' dir='ltr'>c.</span> <span class='ocrx_word' id='word_1_605' title='bbox 1572 2121 1625 2150; x_wconf 68' lang='lat'>53.</span> <span class='ocrx_word' id='word_1_606' title='bbox 1650 2122 1710 2152; x_wconf 90' lang='lat' dir='ltr'>Ubi</span> <span class='ocrx_word' id='word_1_607' title='bbox 1723 2124 1762 2153; x_wconf 89' lang='lat' dir='ltr'>ad</span> <span class='ocrx_word' id='word_1_608' title='bbox 1777 2136 1857 2166; x_wconf 86' lang='lat' dir='ltr'>rem,</span> 
     </span>
     <span class='ocr_line' id='line_1_103' title="bbox 1015 2161 1854 2206; baseline 0.005 -16"><span class='ocrx_word' id='word_1_609' title='bbox 1015 2161 1208 2193; x_wconf 83' lang='lat' dir='ltr'>Tertulliani</span> <span class='ocrx_word' id='word_1_610' title='bbox 1224 2163 1332 2192; x_wconf 88' lang='lat' dir='ltr'>locum</span> <span class='ocrx_word' id='word_1_611' title='bbox 1348 2161 1447 2193; x_wconf 83' lang='lat' dir='ltr'>affert.</span> <span class='ocrx_word' id='word_1_612' title='bbox 1492 2163 1530 2193; x_wconf 88' lang='lat' dir='ltr'>In</span> <span class='ocrx_word' id='word_1_613' title='bbox 1557 2173 1593 2193; x_wconf 85' lang='lat' dir='ltr'>ea</span> <span class='ocrx_word' id='word_1_614' title='bbox 1616 2174 1733 2205; x_wconf 83' lang='lat' dir='ltr'>mappa</span> <span class='ocrx_word' id='word_1_615' title='bbox 1749 2169 1854 2206; x_wconf 90' lang='lat' dir='ltr'>pictu-</span> 
     </span>
     <span class='ocr_line' id='line_1_104' title="bbox 1017 2204 1852 2252; baseline 0.006 -18"><span class='ocrx_word' id='word_1_616' title='bbox 1017 2215 1082 2235; x_wconf 85' lang='lat' dir='ltr'>ram</span> <span class='ocrx_word' id='word_1_617' title='bbox 1097 2206 1125 2235; x_wconf 66' lang='grc' dir='ltr'>δε</span> <span class='ocrx_word' id='word_1_618' title='bbox 1139 2204 1276 2235; x_wconf 87' lang='lat' dir='ltr'>formam</span> <span class='ocrx_word' id='word_1_619' title='bbox 1288 2205 1439 2236; x_wconf 88' lang='lat' dir='ltr'>ludorum</span> <span class='ocrx_word' id='word_1_620' title='bbox 1455 2205 1552 2237; x_wconf 90' lang='lat' dir='ltr'>fuisse</span> <span class='ocrx_word' id='word_1_621' title='bbox 1574 2208 1676 2237; x_wconf 87' lang='lat' dir='ltr'>aiunt.</span> <span class='ocrx_word' id='word_1_622' title='bbox 1721 2209 1852 2252; x_wconf 78' lang='lat' dir='ltr'>Mappae</span> 
     </span>
     <span class='ocr_line' id='line_1_105' title="bbox 1014 2248 1853 2285; baseline 0.011 -8"><span class='ocrx_word' id='word_1_623' title='bbox 1014 2249 1165 2278; x_wconf 82' lang='lat' dir='ltr'>meminit</span> <span class='ocrx_word' id='word_1_624' title='bbox 1195 2249 1286 2279; x_wconf 84' lang='lat' dir='ltr'>Suet.</span> <span class='ocrx_word' id='word_1_625' title='bbox 1312 2248 1389 2278; x_wconf 89' lang='lat' dir='ltr'>Ner.</span> <span class='ocrx_word' id='word_1_626' title='bbox 1419 2260 1447 2279; x_wconf 89' lang='lat' dir='ltr'>c.</span> <span class='ocrx_word' id='word_1_627' title='bbox 1473 2251 1525 2280; x_wconf 72' lang='lat'>22.</span> <span class='ocrx_word' id='word_1_628' title='bbox 1579 2250 1786 2283; x_wconf 66' lang='lat' dir='ltr'>Universorum</span> <span class='ocrx_word' id='word_1_629' title='bbox 1820 2267 1853 2285; x_wconf 79' lang='lat' dir='ltr'>se</span> 
     </span>
     <span class='ocr_line' id='line_1_106' title="bbox 1014 2291 1854 2332; baseline 0.011 -13"><span class='ocrx_word' id='word_1_630' title='bbox 1014 2292 1108 2320; x_wconf 80' lang='lat' dir='ltr'>oculis</span> <span class='ocrx_word' id='word_1_631' title='bbox 1123 2292 1153 2321; x_wconf 80' lang='lat' dir='ltr'>in</span> <span class='ocrx_word' id='word_1_632' title='bbox 1177 2291 1266 2321; x_wconf 76' lang='lat' dir='ltr'>Circo</span> <span class='ocrx_word' id='word_1_633' title='bbox 1289 2291 1431 2322; x_wconf 69' lang='lat' dir='ltr'>llIaaimo</span> <span class='ocrx_word' id='word_1_634' title='bbox 1452 2293 1596 2331; x_wconf 80' lang='lat' dir='ltr'>praebuit,</span> <span class='ocrx_word' id='word_1_635' title='bbox 1619 2294 1722 2332; x_wconf 77' lang='lat' dir='ltr'>aliquo</span> <span class='ocrx_word' id='word_1_636' title='bbox 1743 2296 1854 2328; x_wconf 74' lang='lat' dir='ltr'>liberto</span> 
     </span>
     <span class='ocr_line' id='line_1_107' title="bbox 1014 2334 1855 2377; baseline 0.007 -15"><span class='ocrx_word' id='word_1_637' title='bbox 1014 2334 1154 2364; x_wconf 76' lang='lat' dir='ltr'>mittente</span> <span class='ocrx_word' id='word_1_638' title='bbox 1166 2345 1318 2375; x_wconf 79' lang='lat' dir='ltr'>mappam,</span> <span class='ocrx_word' id='word_1_639' title='bbox 1339 2335 1420 2365; x_wconf 73' lang='lat' dir='ltr'>uncle</span> <span class='ocrx_word' id='word_1_640' title='bbox 1435 2336 1648 2377; x_wconf 76' lang='lat' dir='ltr'>IlIagz&#39;stratus</span> <span class='ocrx_word' id='word_1_641' title='bbox 1661 2339 1768 2368; x_wconf 77' lang='lat' dir='ltr'>solent.</span> <span class='ocrx_word' id='word_1_642' title='bbox 1812 2341 1855 2373; x_wconf 72' lang='lat' dir='ltr'>Et</span> 
     </span>
     <span class='ocr_line' id='line_1_108' title="bbox 1014 2377 1586 2418; baseline 0.005 -11"><span class='ocrx_word' id='word_1_643' title='bbox 1014 2377 1154 2408; x_wconf 82' lang='lat' dir='ltr'>Martial.</span> <span class='ocrx_word' id='word_1_644' title='bbox 1170 2379 1225 2408; x_wconf 88' lang='lat' dir='ltr'>lib.</span> <span class='ocrx_word' id='word_1_645' title='bbox 1244 2380 1294 2408; x_wconf 78' lang='lat'>12.</span> <span class='ocrx_word' id='word_1_646' title='bbox 1312 2379 1513 2418; x_wconf 85' lang='lat' dir='ltr'>Epigramm.</span> <span class='ocrx_word' id='word_1_647' title='bbox 1532 2380 1586 2410; x_wconf 75' lang='lat'>29.</span> 
     </span>
    </p>

    <p class='ocr_par' dir='ltr' id='par_1_28' title="bbox 1058 2420 1840 2469">
     <span class='ocr_line' id='line_1_109' title="bbox 1058 2420 1840 2469; baseline 0.01 -19"><span class='ocrx_word' id='word_1_648' title='bbox 1058 2421 1217 2451; x_wconf 76' lang='lat' dir='ltr'>Cretatam</span> <span class='ocrx_word' id='word_1_649' title='bbox 1234 2420 1352 2452; x_wconf 78' lang='lat' dir='ltr'>Praetor</span> <span class='ocrx_word' id='word_1_650' title='bbox 1368 2422 1434 2452; x_wconf 66' lang='lat' dir='ltr'>cum</span> <span class='ocrx_word' id='word_1_651' title='bbox 1448 2421 1541 2452; x_wconf 76' lang='lat' dir='ltr'>vellet</span> <span class='ocrx_word' id='word_1_652' title='bbox 1556 2423 1675 2454; x_wconf 80' lang='lat' dir='ltr'>mittere</span> <span class='ocrx_word' id='word_1_653' title='bbox 1686 2435 1840 2469; x_wconf 82' lang='lat' dir='ltr'>mappam,</span> 
     </span>
    </p>

    <p class='ocr_par' dir='ltr' id='par_1_29' title="bbox 1096 2464 1754 2508">
     <span class='ocr_line' id='line_1_110' title="bbox 1096 2464 1754 2508; baseline 0.011 -15"><span class='ocrx_word' id='word_1_654' title='bbox 1096 2464 1228 2494; x_wconf 65' lang='lat' dir='ltr'>Praetori</span> <span class='ocrx_word' id='word_1_655' title='bbox 1242 2475 1381 2504; x_wconf 85' lang='lat' dir='ltr'>mappam</span> <span class='ocrx_word' id='word_1_656' title='bbox 1396 2465 1522 2504; x_wconf 77' lang='lat' dir='ltr'>surripit</span> <span class='ocrx_word' id='word_1_657' title='bbox 1537 2466 1754 2508; x_wconf 80' lang='lat' dir='ltr'>Hermogenes.</span> 
     </span>
    </p>

    <p class='ocr_par' dir='ltr' id='par_1_30' title="bbox 1011 2507 1850 2625">
     <span class='ocr_line' id='line_1_111' title="bbox 1058 2507 1850 2547; baseline 0.01 -10"><span class='ocrx_word' id='word_1_658' title='bbox 1058 2508 1130 2538; x_wconf 76' lang='lat'>192.</span> <span class='ocrx_word' id='word_1_659' title='bbox 1152 2507 1265 2537; x_wconf 81' lang='lat' dir='ltr'>Idoeum</span> <span class='ocrx_word' id='word_1_660' title='bbox 1278 2508 1424 2547; x_wconf 64' lang='lat' dir='ltr'>solemne]</span> <span class='ocrx_word' id='word_1_661' title='bbox 1449 2507 1559 2538; x_wconf 85' lang='lat' dir='ltr'>Ludos</span> <span class='ocrx_word' id='word_1_662' title='bbox 1574 2510 1734 2542; x_wconf 89' lang='lat' dir='ltr'>solemnes</span> <span class='ocrx_word' id='word_1_663' title='bbox 1745 2513 1778 2543; x_wconf 90' lang='lat' dir='ltr'>in</span> <span class='ocrx_word' id='word_1_664' title='bbox 1792 2515 1850 2546; x_wconf 86' lang='lat' dir='ltr'>ho-</span> 
     </span>
     <span class='ocr_line' id='line_1_112' title="bbox 1011 2551 1847 2591; baseline 0.012 -12"><span class='ocrx_word' id='word_1_665' title='bbox 1011 2559 1122 2581; x_wconf 87' lang='lat' dir='ltr'>norem</span> <span class='ocrx_word' id='word_1_666' title='bbox 1139 2551 1276 2591; x_wconf 80' lang='lat' dir='ltr'>Cybeles</span> <span class='ocrx_word' id='word_1_667' title='bbox 1292 2552 1397 2581; x_wconf 86' lang='lat' dir='ltr'>matris</span> <span class='ocrx_word' id='word_1_668' title='bbox 1412 2551 1524 2581; x_wconf 69' lang='lat' dir='ltr'>Deum</span> <span class='ocrx_word' id='word_1_669' title='bbox 1546 2552 1564 2581; x_wconf 82' lang='grc' dir='ltr'>ὲ</span> <span class='ocrx_word' id='word_1_670' title='bbox 1587 2561 1697 2584; x_wconf 89' lang='lat' dir='ltr'>monte</span> <span class='ocrx_word' id='word_1_671' title='bbox 1714 2555 1769 2587; x_wconf 84' lang='lat' dir='ltr'>Ida</span> <span class='ocrx_word' id='word_1_672' title='bbox 1787 2557 1847 2589; x_wconf 87' lang='lat' dir='ltr'>Ro-</span> 
     </span>
     <span class='ocr_line' id='line_1_113' title="bbox 1012 2594 1595 2625; baseline 0.002 -1"><span class='ocrx_word' id='word_1_673' title='bbox 1012 2603 1100 2624; x_wconf 86' lang='lat' dir='ltr'>mam</span> <span class='ocrx_word' id='word_1_674' title='bbox 1115 2595 1266 2624; x_wconf 77' lang='lat' dir='ltr'>adveetae.</span> <span class='ocrx_word' id='word_1_675' title='bbox 1311 2594 1397 2623; x_wconf 84' lang='lat' dir='ltr'>Vide</span> <span class='ocrx_word' id='word_1_676' title='bbox 1412 2594 1480 2623; x_wconf 82' lang='lat' dir='ltr'>Sat.</span> <span class='ocrx_word' id='word_1_677' title='bbox 1498 2595 1527 2624; x_wconf 88' lang='lat'>6.</span> <span class='ocrx_word' id='word_1_678' title='bbox 1541 2596 1595 2625; x_wconf 86' lang='lat' dir='ltr'>cit.</span> 
     </span>
    </p>

    <p class='ocr_par' dir='ltr' id='par_1_31' title="bbox 1007 2634 1851 3115">
     <span class='ocr_line' id='line_1_114' title="bbox 1057 2634 1833 2678; baseline 0.014 -14"><span class='ocrx_word' id='word_1_679' title='bbox 1057 2638 1128 2668; x_wconf 73' lang='lat'>193.</span> <span class='ocrx_word' id='word_1_680' title='bbox 1144 2637 1254 2667; x_wconf 65' lang='lat' dir='ltr'>Praedo</span> <span class='ocrx_word' id='word_1_681' title='bbox 1270 2634 1473 2677; x_wconf 67' lang='lat' dir='ltr'>caballorum]</span> <span class='ocrx_word' id='word_1_682' title='bbox 1498 2637 1553 2668; x_wconf 90' lang='lat' dir='ltr'>An</span> <span class='ocrx_word' id='word_1_683' title='bbox 1567 2640 1655 2678; x_wconf 72' lang='lat' dir='ltr'>quod</span> <span class='ocrx_word' id='word_1_684' title='bbox 1671 2642 1703 2671; x_wconf 88' lang='lat' dir='ltr'>in</span> <span class='ocrx_word' id='word_1_685' title='bbox 1719 2643 1785 2673; x_wconf 87' lang='lat' dir='ltr'>istis</span> <span class='ocrx_word' id='word_1_686' title='bbox 1798 2646 1833 2674; x_wconf 90' lang='lat' dir='ltr'>lu</span> 
     </span>
     <span class='ocr_line' id='line_1_115' title="bbox 1011 2679 1851 2720; baseline 0.008 -13"><span class='ocrx_word' id='word_1_687' title='bbox 1011 2679 1057 2709; x_wconf 90' lang='lat' dir='ltr'>dis</span> <span class='ocrx_word' id='word_1_688' title='bbox 1072 2681 1149 2720; x_wconf 83' lang='lat' dir='ltr'>equi</span> <span class='ocrx_word' id='word_1_689' title='bbox 1166 2679 1262 2709; x_wconf 87' lang='lat' dir='ltr'>multi</span> <span class='ocrx_word' id='word_1_690' title='bbox 1281 2679 1513 2719; x_wconf 85' lang='lat' dir='ltr'>frangerentur,</span> <span class='ocrx_word' id='word_1_691' title='bbox 1539 2688 1575 2711; x_wconf 85' lang='lat' dir='ltr'>nt</span> <span class='ocrx_word' id='word_1_692' title='bbox 1589 2684 1634 2712; x_wconf 88' lang='lat' dir='ltr'>ait</span> <span class='ocrx_word' id='word_1_693' title='bbox 1649 2684 1721 2715; x_wconf 65' lang='lat' dir='ltr'>Yet.</span> <span class='ocrx_word' id='word_1_694' title='bbox 1739 2687 1851 2718; x_wconf 76' lang='lat' dir='ltr'>Schol.</span> 
     </span>
     <span class='ocr_line' id='line_1_116' title="bbox 1011 2723 1845 2769; baseline 0.011 -18"><span class='ocrx_word' id='word_1_695' title='bbox 1011 2723 1097 2752; x_wconf 75' lang='lat' dir='ltr'>unde</span> <span class='ocrx_word' id='word_1_696' title='bbox 1115 2723 1288 2753; x_wconf 88' lang='lat' dir='ltr'>Salmasius</span> <span class='ocrx_word' id='word_1_697' title='bbox 1304 2723 1375 2751; x_wconf 88' lang='lat' dir='ltr'>vult</span> <span class='ocrx_word' id='word_1_698' title='bbox 1389 2723 1472 2762; x_wconf 76' lang='lat' dir='ltr'>legi3</span> <span class='ocrx_word' id='word_1_699' title='bbox 1491 2725 1590 2763; x_wconf 76' lang='lat' dir='ltr'>perda</span> <span class='ocrx_word' id='word_1_700' title='bbox 1602 2724 1714 2757; x_wconf 82' lang='lat' dir='ltr'>Caball</span> <span class='ocrx_word' id='word_1_701' title='bbox 1740 2730 1771 2759; x_wconf 90' lang='lat' dir='ltr'>id</span> <span class='ocrx_word' id='word_1_702' title='bbox 1787 2737 1845 2769; x_wconf 77' lang='lat' dir='ltr'>est,</span> 
     </span>
     <span class='ocr_line' id='line_1_117' title="bbox 1009 2765 1843 2803; baseline 0.011 -9"><span class='ocrx_word' id='word_1_703' title='bbox 1009 2766 1148 2803; x_wconf 81' lang='lat' dir='ltr'>perditor</span> <span class='ocrx_word' id='word_1_704' title='bbox 1163 2765 1369 2795; x_wconf 86' lang='lat' dir='ltr'>caballorum.</span> <span class='ocrx_word' id='word_1_705' title='bbox 1415 2766 1467 2795; x_wconf 90' lang='lat' dir='ltr'>Sic</span> <span class='ocrx_word' id='word_1_706' title='bbox 1491 2768 1524 2797; x_wconf 91' lang='lat' dir='ltr'>in</span> <span class='ocrx_word' id='word_1_707' title='bbox 1552 2768 1682 2800; x_wconf 85' lang='lat' dir='ltr'>Catonis</span> <span class='ocrx_word' id='word_1_708' title='bbox 1706 2771 1843 2803; x_wconf 86' lang='lat' dir='ltr'>Distich.</span> 
     </span>
     <span class='ocr_line' id='line_1_118' title="bbox 1009 2807 1843 2855; baseline 0.01 -19"><span class='ocrx_word' id='word_1_709' title='bbox 1009 2807 1180 2846; x_wconf 77' lang='lat' dir='ltr'>officiperda</span> <span class='ocrx_word' id='word_1_710' title='bbox 1199 2808 1328 2847; x_wconf 86' lang='lat' dir='ltr'>legitur,</span> <span class='ocrx_word' id='word_1_711' title='bbox 1349 2809 1496 2840; x_wconf 86' lang='lat' dir='ltr'>similiter</span> <span class='ocrx_word' id='word_1_712' title='bbox 1511 2811 1540 2840; x_wconf 68' lang='grc' dir='ltr'>δε</span> <span class='ocrx_word' id='word_1_713' title='bbox 1555 2812 1642 2850; x_wconf 86' lang='lat' dir='ltr'>apud</span> <span class='ocrx_word' id='word_1_714' title='bbox 1666 2813 1843 2855; x_wconf 82' lang='lat' dir='ltr'>Isidorum3</span> 
     </span>
     <span class='ocr_line' id='line_1_119' title="bbox 1008 2851 1843 2894; baseline 0.01 -15"><span class='ocrx_word' id='word_1_715' title='bbox 1008 2851 1231 2890; x_wconf 73' lang='lat' dir='ltr'>significatque</span> <span class='ocrx_word' id='word_1_716' title='bbox 1246 2860 1323 2881; x_wconf 89' lang='lat' dir='ltr'>eum</span> <span class='ocrx_word' id='word_1_717' title='bbox 1340 2852 1399 2890; x_wconf 86' lang='lat' dir='ltr'>qui</span> <span class='ocrx_word' id='word_1_718' title='bbox 1411 2852 1513 2883; x_wconf 85' lang='lat' dir='ltr'>officia</span> <span class='ocrx_word' id='word_1_719' title='bbox 1529 2855 1642 2893; x_wconf 90' lang='lat' dir='ltr'>perdit,</span> <span class='ocrx_word' id='word_1_720' title='bbox 1659 2856 1690 2885; x_wconf 90' lang='lat' dir='ltr'>id</span> <span class='ocrx_word' id='word_1_721' title='bbox 1707 2863 1764 2894; x_wconf 86' lang='lat' dir='ltr'>est,</span> <span class='ocrx_word' id='word_1_722' title='bbox 1791 2868 1843 2887; x_wconf 85' lang='lat' dir='ltr'>eo-</span> 
     </span>
     <span class='ocr_line' id='line_1_120' title="bbox 1010 2895 1844 2938; baseline 0.01 -16"><span class='ocrx_word' id='word_1_723' title='bbox 1010 2902 1081 2922; x_wconf 87' lang='lat' dir='ltr'>rum</span> <span class='ocrx_word' id='word_1_724' title='bbox 1108 2895 1400 2925; x_wconf 87' lang='lat' dir='ltr'>remunerationem</span> <span class='ocrx_word' id='word_1_725' title='bbox 1426 2905 1494 2927; x_wconf 89' lang='lat' dir='ltr'>non</span> <span class='ocrx_word' id='word_1_726' title='bbox 1516 2897 1624 2927; x_wconf 86' lang='lat' dir='ltr'>habet.</span> <span class='ocrx_word' id='word_1_727' title='bbox 1668 2899 1723 2927; x_wconf 91' lang='lat' dir='ltr'>An</span> <span class='ocrx_word' id='word_1_728' title='bbox 1754 2902 1844 2938; x_wconf 77' lang='lat' dir='ltr'>quod</span> 
     </span>
     <span class='ocr_line' id='line_1_121' title="bbox 1009 2936 1844 2979; baseline 0.011 -15"><span class='ocrx_word' id='word_1_729' title='bbox 1009 2936 1124 2965; x_wconf 71' lang='lat' dir='ltr'>Praetor</span> <span class='ocrx_word' id='word_1_730' title='bbox 1140 2936 1332 2976; x_wconf 85' lang='lat' dir='ltr'>quibusdam</span> <span class='ocrx_word' id='word_1_731' title='bbox 1349 2937 1471 2976; x_wconf 81' lang='lat' dir='ltr'>favens,</span> <span class='ocrx_word' id='word_1_732' title='bbox 1486 2940 1554 2971; x_wconf 84' lang='lat' dir='ltr'>aliis</span> <span class='ocrx_word' id='word_1_733' title='bbox 1567 2941 1658 2979; x_wconf 77' lang='lat' dir='ltr'>equis</span> <span class='ocrx_word' id='word_1_734' title='bbox 1671 2942 1844 2974; x_wconf 82' lang='lat' dir='ltr'>victoribus</span> 
     </span>
     <span class='ocr_line' id='line_1_122' title="bbox 1007 2980 1845 3021; baseline 0.011 -13"><span class='ocrx_word' id='word_1_735' title='bbox 1007 2980 1161 3008; x_wconf 86' lang='lat' dir='ltr'>meritum</span> <span class='ocrx_word' id='word_1_736' title='bbox 1179 2989 1243 3009; x_wconf 90' lang='lat' dir='ltr'>non</span> <span class='ocrx_word' id='word_1_737' title='bbox 1257 2981 1347 3010; x_wconf 85' lang='lat' dir='ltr'>daret</span> <span class='ocrx_word' id='word_1_738' title='bbox 1357 2981 1504 3012; x_wconf 86' lang='lat' dir='ltr'>bravium</span> <span class='ocrx_word' id='word_1_739' title='bbox 1516 2992 1552 3011; x_wconf 89' lang='lat' dir='ltr'>ac</span> <span class='ocrx_word' id='word_1_740' title='bbox 1571 2984 1750 3021; x_wconf 80' lang='lat' dir='ltr'>praemium.</span> <span class='ocrx_word' id='word_1_741' title='bbox 1788 2987 1845 3017; x_wconf 87' lang='lat' dir='ltr'>An</span> 
     </span>
     <span class='ocr_line' id='line_1_123' title="bbox 1008 3022 1843 3066; baseline 0.011 -16"><span class='ocrx_word' id='word_1_742' title='bbox 1008 3022 1097 3060; x_wconf 88' lang='lat' dir='ltr'>quod</span> <span class='ocrx_word' id='word_1_743' title='bbox 1112 3023 1251 3061; x_wconf 89' lang='lat' dir='ltr'>optimos</span> <span class='ocrx_word' id='word_1_744' title='bbox 1275 3024 1330 3053; x_wconf 89' lang='lat' dir='ltr'>ille</span> <span class='ocrx_word' id='word_1_745' title='bbox 1345 3033 1446 3064; x_wconf 88' lang='lat' dir='ltr'>equos</span> <span class='ocrx_word' id='word_1_746' title='bbox 1461 3025 1518 3054; x_wconf 90' lang='lat' dir='ltr'>sibi</span> <span class='ocrx_word' id='word_1_747' title='bbox 1532 3025 1654 3064; x_wconf 85' lang='lat' dir='ltr'>eligens</span> <span class='ocrx_word' id='word_1_748' title='bbox 1670 3027 1725 3057; x_wconf 77' lang='lat' dir='ltr'>vili</span> <span class='ocrx_word' id='word_1_749' title='bbox 1740 3030 1843 3066; x_wconf 83' lang='lat' dir='ltr'>pretio</span> 
     </span>
     <span class='ocr_line' id='line_1_124' title="bbox 1008 3065 1843 3115; baseline 0.008 -20"><span class='ocrx_word' id='word_1_750' title='bbox 1008 3065 1147 3096; x_wconf 83' lang='lat' dir='ltr'>dominis</span> <span class='ocrx_word' id='word_1_751' title='bbox 1177 3065 1339 3098; x_wconf 83' lang='lat' dir='ltr'>auferret?</span> <span class='ocrx_word' id='word_1_752' title='bbox 1377 3068 1462 3098; x_wconf 87' lang='lat' dir='ltr'>Sunt</span> <span class='ocrx_word' id='word_1_753' title='bbox 1492 3068 1549 3107; x_wconf 88' lang='lat' dir='ltr'>qui</span> <span class='ocrx_word' id='word_1_754' title='bbox 1580 3069 1700 3110; x_wconf 85' lang='lat' dir='ltr'>legant,</span> <span class='ocrx_word' id='word_1_755' title='bbox 1724 3072 1843 3115; x_wconf 81' lang='lat' dir='ltr'>praeda,</span> 
     </span>
    </p>
   </div>
  </div>
 </body>
</html>
