1948 3281
605 67 632 112 J
635 65 948 113 UVENALIS
977 66 1198 111 SATIRA
1228 66 1310 113 VI.

111 163 345 220 Praecipites
365 177 377 203 t
409 169 456 203 ut
477 159 701 217 saxajugis
724 159 912 215 abrupta,
936 158 1088 216 quibus
1111 173 1234 202 mons

111 220 390 272 Subtrahitur,
415 219 603 282 clivoque
627 219 731 260 latus
753 218 956 274 pendente
978 216 1144 259 recedit.

1758 77 1834 119 121

1325 160 1558 195 inflammante.-
1595 166 1848 204 quemadmodum

1324 215 1415 246 rupes
1443 207 1575 238 abscissa
1605 212 1766 249 cacumini,
1791 222 1850 251 quo

1325 250 1505 281 subducitur
1520 261 1615 290 mons,
1642 255 1664 290 ἐς
1686 259 1850 292 separatur

114 282 233 323 Illam
252 294 328 335 ego
345 293 431 320 non
455 277 634 328 tulerim,
659 291 753 332 quae
777 283 1010 331 computat,
1035 275 1076 317 &
1092 275 1226 317 scelus
1246 274 1311 318 in·
1326 294 1409 325 latus
1439 295 1552 324 declivi
1579 305 1732 334 suspenso.
1777 297 1850 338 Ego

110 341 220 381 Sana
242 337 353 379 facit.

416 336 613 390 Spectant
635 336 880 376 subeuntem
901 333 982 375 fata
1003 333 1139 376 mariti

111 395 342 438 Alcestim:
379 395 419 435 8c
441 392 588 435 similis
612 392 643 434 si
668 391 912 447 permutatio
936 391 1069 444 detur,

110 454 253 495 Morte
276 452 349 493 viri
372 451 541 507 cupiant
563 451 744 492 animam
767 464 919 491 servare
941 449 1114 492 catellae.

113 511 353 552 Occurrunt
374 510 518 550 multae
542 508 612 549 tibi
638 508 816 558 Belides,
841 517 962 564 atque
983 507 1210 563 Eriphylae.

112 566 245 610 Mane
264 567 611 623 Clytemnestram
629 566 767 606 nullus
784 580 870 606 non
887 566 1002 607 vicus
1020 565 1198 607 habebit.
1230 566 1310 608 655

112 627 212 668 Hoc
237 626 400 668 tantum
423 625 556 673 refert,
581 624 692 679 quod
714 623 915 679 Tyndaris
937 622 1005 664 illa
1027 622 1248 679 bipennem

115 683 323 725 Insulsam
349 684 389 724 δε
407 683 562 724 fatuam
585 682 725 723 dextra
747 681 932 737 laevaque
962 681 1140 724 tenebat.

113 743 175 783 At
197 756 309 782 nunc
333 755 392 782 res
415 740 547 797 agitur
569 738 681 780 tenui
704 738 901 794 pulmone
922 737 1076 781 rubetae
1097 755 1106 780 :

115 799 197 841 Sed
221 810 355 840 tamen
381 799 421 839 St
441 798 560 847 ferro,
585 797 618 837 si
641 804 906 852 praegustaret
928 796 1095 837 Atrides

119 857 289 899 Pontica
312 866 369 897 ter
390 854 486 896 victi
510 864 653 896 cautus
675 852 953 895 medicamina
970 854 1110 911 Regis.

1193 334 1312 391 [gens
1326 346 1387 367 non
1410 348 1475 368 eam
1500 340 1684 377 toleravera,
1708 349 1774 378 quae
1790 350 1849 370 nu-

1229 392 1311 433 652
1327 386 1437 420 morat,
1461 392 1499 411 ac
1514 382 1628 412 mentis
1643 392 1764 421 compos
1779 392 1850 412 exe-

1326 425 1560 466 quiturgrande
1573 425 1718 462 facinus.
1768 425 1851 456 Con-

1326 468 1463 498 siderant
1491 468 1652 505 Alcestim,
1692 479 1765 508 quae
1793 468 1854 499 viri

1326 516 1437 542 sortem
1451 512 1565 550 accipit
1577 524 1587 541 .·
1613 522 1651 542 ac
1666 512 1695 541 si
1702 523 1764 552 par
1775 512 1853 551 offe·

1327 559 1416 585 ratur
1431 555 1638 593 commutatio,
1666 555 1733 586 istae
1747 556 1855 586 mariti.

1328 608 1400 628 nece
1436 598 1535 630 velint
1564 598 1717 630 custodire
1754 599 1854 629 vitam.

1327 641 1444 672 catelli.
1491 641 1637 672 Plurima>
1663 641 1719 672 tibi
1741 643 1855 681 reperi-

1327 690 1422 716 untur
1458 685 1581 716 Belides
1615 687 1638 724 «¹³25
1680 685 1855 726 Eriphylae.

1328 728 1493 759 Matutino
1530 732 1679 768 tempore
1712 729 1855 768 quaelibec

1328 774 1410 812 regio
1426 773 1680 812 clytemnestram
1689 771 1855 803 exhibebit.

1329 815 1370 845 Id
1395 816 1490 846 solam
1519 816 1657 853 interest,
1681 816 1764 854 quod
1792 814 1856 845 hoec

1230 855 1316 897 660
1332 859 1486 901 Tyndaris
1514 859 1642 889 dextera.
1670 860 1694 897 ἐς
1723 857 1855 889 sinistrd

1329 903 1454 944 gerebat
1480 903 1609 932 securim
1629 903 1734 932 rudem
1760 905 1856 941 atque

119 950 254 979 obtusam
266 959 280 984 ;
302 949 373 987 jam
389 949 457 978 verb
468 952 616 986 patratur
628 947 726 978 scelus
739 948 851 989 exiguo
867 948 979 978 rubetae
994 948 1140 978 intestino
1151 960 1161 978 :
1184 959 1222 979 ac
1236 947 1428 979 nihilominus
1444 946 1537 975 etiam
1549 944 1677 986 gladius
1690 945 1857 977 adhibere-

120 999 182 1031 tur,
195 993 221 1022 st
235 993 362 1022 Atrides
371 992 501 1021 callidus
514 995 643 1021 sumeret
657 992 800 1022 antidota
816 991 943 1022 Pontici
954 992 1038 1033 regis
1053 992 1145 1022 terti&
1156 993 1289 1023 subacti.

165 1124 238 1154 648.
263 1123 462 1165 Pracipites:
485 1126 609 1154 utsaxa
619 1123 723 1164 jugis,
739 1123 807 1163 ἐξα]
831 1122 964 1157 Quanto

125 1169 250 1207 impetu
265 1178 380 1198 saxum
393 1169 474 1207 jugo
486 1168 606 1198 montis
617 1168 807 1206 abruptum,
822 1174 880 1198 aut
893 1177 964 1207 pars

123 1213 194 1249 ejus
209 1213 320 1241 avulsa
335 1212 493 1241 delabitur
510 1212 537 1241 ὃ(
556 1220 697 1250 praeceps
713 1211 789 1241 ruit.

166 1255 239 1284 650.
265 1255 443 1294 Computat]
468 1254 543 1293 Vel,
559 1264 631 1293 quae
649 1259 847 1284 numeratae
864 1264 963 1294 repu-

123 1302 169 1328 tat
192 1299 379 1337 promissam
402 1299 461 1328 sibi
487 1308 543 1337 pro
566 1298 684 1327 scelere
709 1297 903 1336 mercedem,
927 1304 964 1329 ut

124 1341 300 1381 Eriphyle:
327 1342 379 1371 vel
396 1341 514 1380 pontu,
532 1350 604 1379 quae
621 1341 722 1370 otiose
739 1340 907 1378 deliberat,
930 1341 965 1372 in

124 1385 235 1415 animo
251 1395 318 1415 rem
336 1385 523 1423 patrandam
541 1384 687 1421 revolvit,
699 1384 878 1422 examinat,
894 1395 966 1423 pro-

125 1428 222 1466 videt,
238 1429 361 1458 statuit.
406 1429 490 1458 Haec
504 1426 645 1467 profecto
663 1433 709 1456 est
725 1427 869 1466 pessima.
899 1428 967 1458 Cic.

127 1473 158 1501 1.
187 1472 253 1501 Off.
285 1482 317 1502 n.
348 1473 401 1502 27.
447 1469 651 1508 Permultum,
681 1471 801 1509 inquit,
827 1470 968 1509 interest,

122 1515 224 1544 utram
236 1515 468 1554 perturbatione
479 1513 586 1554 aliqud
599 1514 704 1551 animi,
717 1523 782 1552 quae
792 1515 971 1554 plerumque

125 1557 224 1587 brevs's
238 1563 295 1595 est,
312 1560 335 1596 ᾀ-
351 1559 393 1588 ad
408 1563 550 1597 temptam
573 1568 614 1586 an
636 1556 773 1587 consulto
797 1559 820 1594 ‘3'
836 1559 971 1598 cogitato

116 1599 181 1637 fiat
195 1601 321 1640 injuria.
360 1601 492 1631 Leviora
506 1601 585 1631 enim
598 1605 671 1630 sunt
685 1611 721 1630 ea
736 1610 801 1639 quoe
815 1601 971 1639 repentino

126 1643 230 1682 aliquo
247 1648 326 1674 motu
342 1645 498 1680 accidunt,
521 1646 612 1684 quam
635 1653 671 1674 ea
695 1654 759 1683 quoe
781 1644 932 1675 meditata
948 1646 971 1683 ᾇ

123 1691 302 1726 praeparata
315 1688 503 1725 inferuntur.
607 1690 613 1697 ¹

171 1732 244 1761 651.
268 1731 368 1770 Sana]
406 1731 560 1768 Prudens,
589 1740 624 1760 ac
654 1730 767 1767 sciens,
794 1732 970 1771 perspectis

128 1775 281 1803 omnibus
295 1785 332 1805 ac
348 1775 522 1813 prospectis
540 1774 582 1803 rei
598 1773 768 1811 adjunctis.

171 1815 334 1857 Spectant]
358 1818 395 1847 In
411 1817 568 1855 Theatro,
583 1826 620 1846 ac
633 1817 727 1847 ludis.

172 1860 356 1890 Subeuntem
371 1860 452 1897 fata
480 1860 583 1889 mariti
607 1859 770 1899 Alcestim]
806 1859 972 1891 Admetus

131 1903 201 1934 Rex
220 1904 395 1934 Thessaliae
413 1904 498 1943 gravi
520 1903 633 1933 morbo
657 1904 850 1933 tenebatur:
876 1904 916 1934 de
932 1915 971 1935 eo

129 1947 317 1977 consultum
354 1947 520 1985 respondit
556 1947 740 1983 oraculum3
781 1955 874 1985 spem
897 1948 971 1977 vitae

130 1990 255 2020 nullam
270 1999 447 2029 superesse,
472 1989 688 2029 praeterquam
709 1991 734 2019 si
757 1991 828 2029 quis
842 1999 902 2028 pro
917 1991 974 2021 illo

129 2032 235 2063 fatum
262 2034 404 2064 subiret:
445 2033 679 2073 refugientibus
709 2039 818 2063 autem
851 2035 974 2064 caeteris

131 2076 297 2114 omnibus,
311 2077 447 2106 Alcestis
464 2086 548 2107 uxor
570 2076 656 2106 ultro
670 2087 704 2106 se
728 2076 825 2106 morti
841 2077 970 2108 obtulit.

132 2118 214 2147 Vide
228 2119 355 2150 Platon.
373 2119 463 2150 Dial.
481 2120 521 2149 de
543 2120 677 2149 Amore.
697 2119 843 2158 Euripid.
861 2120 896 2150 in
912 2121 971 2151 Al-

134 2169 231 2198 ceste,
248 2163 307 2192 ὣς.

176 2205 249 2234 652.
284 2204 399 2236 Similis
421 2206 449 2235 si
468 2206 659 2244 permutatio
682 2206 787 2244 detur]
819 2206 974 2238 Romanis

134 2248 292 2278 uxoribus
320 2250 486 2288 permultis
511 2251 537 2278 si
558 2250 686 2278 daretur
707 2251 799 2289 optio
821 2250 975 2288 perdendi

132 2292 185 2321 vel
209 2293 354 2322 catulum
383 2294 431 2324 vel
456 2293 623 2329 maritum,
646 2292 719 2322 sane
745 2294 844 2331 hujus
869 2301 973 2325 morte

133 2334 230 2364 vitam
249 2336 335 2366 illius
352 2337 556 2366 redimerent.
604 2335 713 2368 Quam
740 2336 834 2376 longe
857 2337 974 2368 absunt

132 2379 172 2407 ab
192 2388 301 2408 amore
324 2380 486 2419 conjugali
509 2380 639 2409 illarum
663 2379 759 2410 Indiae
784 2380 972 2419 mulierum,

134 2429 206 2458 quae
219 2432 295 2452 cum
310 2424 378 2453 viro
393 2424 518 2461 sepeliri
533 2423 677 2452 certatim
691 2423 842 2462 cupiunt.
875 2422 973 2456 Quod

134 2464 230 2495 refert
244 2465 356 2496 Cicero
368 2466 467 2495 Tusc.
487 2468 516 2495 5.
532 2476 566 2495 n.
587 2467 638 2497 78.

178 2508 251 2538 654.
279 2509 450 2539 Occurrunt
481 2509 584 2538 multa>
607 2509 663 2539 libi
685 2507 830 2551 Belides]
855 2509 972 2542 Passim

133 2549 244 2580 Rornae
259 2552 365 2582 videas
380 2553 533 2583 Belidum
552 2554 579 2581 <Sc
597 2553 759 2592 Eriphylae
776 2554 904 2583 similes.

178 2592 313 2633 Belides]
338 2596 398 2625 Hae
414 2603 570 2627 vocantur
593 2596 666 2626 alias
690 2595 865 2634 Danaides,
892 2598 974 2629 Belo

137 2646 208 2674 avo,
226 2645 314 2676 patre
331 2639 459 2678 Danao,
482 2640 600 2679 puella:
623 2639 874 2679 quinquaginta,
900 2651 973 2680 quae

137 2689 234 2710 suum
265 2691 403 2720 quaeque
434 2685 539 2714 virum
565 2682 649 2722 (una
685 2682 838 2722 excepta)
870 2684 974 2723 prima

137 2731 232 2753 nocte
247 2725 435 2763 nuptiarum
445 2726 643 2757 interfecere.
669 2727 873 2765 Quapropter
887 2730 974 2767 apud

137 2766 259 2797 inferos
286 2773 453 2805 pertusum
489 2771 613 2801 dolium
648 2770 734 2809 aqua
764 2770 898 2809 implere
920 2781 972 2802 co-

137 2817 267 2849 guntur·

180 2853 353 2893 Eriphyla]
369 2854 521 2897 Eriphyla
536 2857 658 2887 Vatem
673 2856 910 2894 Amphiaraum
926 2860 972 2889 vi-

139 2906 211 2926 rum
226 2906 337 2935 suum,
351 2899 508 2930 latentem
534 2911 575 2931 ne
598 2901 769 2930 duceretur
792 2901 831 2930 ad
847 2901 971 2933 bellum

138 2939 350 2979 Thebanum,
361 2943 417 2972 ubi
427 2953 460 2972 se
472 2945 666 2974 moriturum
680 2942 886 2982 praevidebat,
903 2945 972 2984 ipsa

138 2983 293 3021 prodidit,
308 2994 405 3015 aureo
421 2988 534 3017 monili
556 2992 714 3026 corrupta.
760 2986 788 3016 Is
810 2987 906 3027 igitur
932 2990 972 3019 ei)

139 3026 313 3066 perductus
327 3032 414 3059 terrae
438 3029 530 3062 hiatu
545 3030 712 3071 absorptus
727 3030 833 3071 periit.
878 3031 973 3063 Unde

1010 1123 1166 1154 Horatius
1180 1124 1236 1155 lib.
1252 1125 1286 1156 8.
1301 1123 1374 1154 Ode
1393 1121 1445 1153 16.

1055 1188 1399 1199 .......
1447 1164 1591 1196 Concidit
1606 1164 1734 1207 auguris

1051 1210 1167 1251 Argivi
1183 1212 1301 1250 domus,
1317 1211 1353 1240 ob
1369 1209 1488 1240 lucrum

1054 1254 1205 1284 Demersa
1221 1255 1352 1285 excidio.

1052 1298 1128 1328 655.
1151 1297 1251 1327 Μαηὲ
1269 1295 1539 1337 Clytemnestram]
1563 1295 1672 1326 Plures
1685 1296 1784 1326 modo
1797 1296 1856 1327 foe..

1009 1342 1107 1371 minae
1125 1340 1397 1380 Clytemnestram
1413 1340 1594 1370 imitantur.
1635 1338 1694 1368 Illa
1707 1338 1856 1379 AEgistho

1009 1385 1155 1415 adultero
1178 1385 1288 1423 adjuta
1317 1384 1508 1414 redeuntem
1536 1382 1555 1412 ὲ
1592 1382 1679 1411 bello
1710 1382 1860 1420 Trojano

1009 1428 1304 1468 Agamemnonem
1319 1428 1473 1458 maritum
1488 1425 1626 1465 bipenni
1642 1425 1857 1456 obtruncavit.

1010 1471 1098 1502 Vide
1114 1471 1269 1511 Sophocl.
1295 1472 1330 1502 in
1350 1471 1478 1501 Electra
1498 1469 1645 1508 Euripid.
1670 1469 1706 1499 in
1728 1468 1856 1509 Oreste,

1013 1516 1128 1545 Senec.
1148 1515 1184 1545 in
1203 1515 1465 1555 Agamemnone.

1060 1558 1135 1588 656.
1162 1558 1328 1598 Tyndaris]
1352 1557 1593 1597 clytemnestra
1607 1553 1752 1595 Tyndari
1766 1554 1865 1596 Regis

1016 1602 1044 1631 δε
1060 1601 1160 1632 Ledae
1176 1602 1251 1641 filia,
1267 1601 1525 1643 Agamemnonis
1538 1609 1634 1630 uxor.

1059 1645 1133 1676 657.
1155 1645 1312 1677 Insulsam
1334 1647 1357 1684 ές
1373 1643 1521 1682 fatua-m]
1544 1641 1687 1682 Bipenni
1702 1651 1760 1672 usa
1781 1641 1860 1683 cly-

1014 1691 1190 1719 temnestra
1216 1689 1331 1729 parum
1359 1688 1457 1718 solers
1481 1689 1509 1717 δι
1535 1686 1647 1717 callida
1661 1696 1671 1715 ι
1693 1689 1727 1714 at
1742 1691 1862 1716 nostras

1015 1733 1095 1762 viros
1112 1732 1219 1771 caute,
1236 1734 1266 1763 &
1280 1732 1450 1762 artificioso
1465 1731 1576 1761 mortis
1591 1738 1710 1769 genere
1722 1728 1859 1760 circum-

1015 1775 1170 1813 veniunt,
1186 1776 1355 1805 venenatis
1370 1775 1493 1805 scilicet
1507 1773 1624 1813 epulis.

1055 1817 1181 1847 Dextra
1203 1820 1338 1856 laevaque
1366 1817 1502 1856 tenebat]
1533 1816 1658 1857 Magno
1679 1820 1801 1847 conatu
1829 1817 1859 1846 δε

1015 1861 1104 1899 nisu,
1121 1871 1226 1899 eoque
1244 1861 1355 1891 rudi&
1370 1859 1496 1900 agresti.

1059 1903 1133 1934 658.
1158 1903 1323 1943 Pulmone]
1346 1903 1563 1943 Metonyrnia.
1589 1903 1720 1943 Species
1731 1912 1789 1942 pro
1806 1912 1859 1941 ge-

1017 1955 1104 1977 nere.

1060 1989 1203 2030 Rabetae]
1227 1991 1313 2021 Vide
1326 1991 1393 2021 Sat.
1414 1991 1485 2020 LV.
1504 1991 1556 2019 70.

1061 2034 1135 2066 659.
1159 2035 1193 2064 Si
1208 2033 1432 2076 praegustaret]
1455 2033 1491 2063 Si
1505 2033 1637 2062 nossent
1652 2032 1758 2063 virum
1780 2032 1862 2064 anti-

1015 2076 1092 2107 doto
1109 2079 1290 2116 munitum,
1307 2078 1390 2108 ferro
1403 2077 1654 2116 aggrederentur
1667 2077 1774 2106 etiam.

1059 2119 1202 2162 Atrides]
1225 2122 1459 2162 Agamemnon
1481 2120 1572 2150 Atrei
1587 2118 1684 2158 filius,
1713 2119 1861 2158 Clytem-

1016 2169 1131 2194 nestrae
1150 2166 1293 2195 maritus.

1063 2208 1136 2237 660.
1185 2208 1242 2238 Ter
1269 2208 1348 2238 vic-ti
1376 2205 1489 2248 Regis]
1535 2205 1732 2237 Mithridatis
1768 2204 1863 2245 Regis

1016 2249 1124 2288 Ponti,
1141 2252 1159 2281 a
1176 2252 1265 2291 Sylla
1281 2251 1438 2291 primum,
1454 2249 1572 2280 deinde
1588 2249 1606 2278 a
1623 2248 1776 2287 Lucullo,
1801 2255 1863 2279 ter-

1016 2294 1065 2323 tio
1077 2294 1095 2323 ὲ
1112 2296 1267 2335 Pompeio
1283 2295 1448 2326 debellati.
1492 2293 1574 2322 Vide
1589 2292 1693 2323 Cicer.
1703 2302 1761 2331 pro
1774 2292 1864 2333 Lege

1018 2337 1166 2368 Manilia.

1059 2381 1208 2421 Pontica]
1233 2382 1354 2413 Pontus
1368 2381 1455 2412 Asiae
1472 2380 1560 2419 regio
1574 2379 1707 2409 venenis
1730 2379 1862 2420 inclyta.

1016 2423 1134 2464 Virgil.
1151 2425 1264 2466 Eclog.
1283 2425 1313 2455 8.

1060 2468 1129 2498 Has
1143 2468 1265 2507 herbas,
1276 2472 1371 2506 atque
1382 2466 1443 2496 hoec
1457 2466 1558 2496 Ponto
1571 2464 1644 2495 mila·
1655 2464 1735 2495 lecta
1747 2475 1864 2496 venena

1058 2511 1132 2549 Ipse
1146 2513 1231 2543 dedit
1244 2512 1357 2542 Moeris
1368 2522 1377 2539 :
1400 2513 1567 2540 nascantur
1576 2508 1714 2549 plurima
1728 2509 1842 2539 Ponto.

1060 2554 1287 2595 IlIedz'camina]
1313 2554 1510 2585 Antidotum
1526 2552 1675 2583 adversus
1687 2562 1827 2590 venena,
1844 2553 1864 2582 a

1019 2597 1208 2630 Mithridate
1228 2601 1414 2636 inventum,
1442 2598 1469 2626 5.-
1496 2597 1534 2627 ab
1560 2597 1629 2634 ejus
1646 2596 1780 2626 nomine
1797 2596 1862 2625 Mi-

1018 2642 1191 2672 thridation
1209 2642 1424 2682 appellatum,
1447 2640 1541 2678 cujus
1559 2639 1713 2669 meminit
1736 2639 1863 2669 Plinius

1018 2685 1166 2722 pluribus
1182 2686 1271 2722 locis,
1288 2685 1343 2714 lib.
1358 2685 1410 2714 2⁶3.
1430 2694 1501 2721 cap.
1518 2683 1548 2713 8.
1565 2684 1719 2722 componi
1742 2683 1862 2712 dicitur

1018 2727 1036 2757 ὲ
1053 2729 1178 2759 duabus
1196 2728 1335 2759 nucibus
1350 2728 1452 2766 siccis,
1472 2727 1552 2757 item
1567 2725 1634 2756 ficis
1650 2726 1800 2763 totidem,
1831 2726 1862 2754 ἅτ

1019 2771 1112 2802 Rutae
1143 2772 1227 2802 foliis
1256 2771 1372 2811 viginti
1401 2771 1499 2801 simul
1527 2770 1620 2808 tritis,
1651 2769 1759 2799 addito
1789 2768 1862 2798 salis

1016 2825 1137 2854 gran03
1163 2823 1200 2844 ut
1216 2816 1274 2855 qui
1298 2815 1359 2844 hoc
1378 2815 1514 2853 jejunus
1530 2818 1649 2851 sumat,
1672 2812 1805 2842 nullum
1829 2812 1861 2841 ei

1015 2868 1182 2888 venenum
1194 2860 1382 2889 nociturum
1399 2859 1439 2888 sit
1455 2868 1493 2888 eo
1509 2858 1571 2887 die.
1619 2856 1691 2886 Lib.
1707 2855 1761 2885 29.
1778 2864 1804 2883 c.
1826 2855 1860 2883 1.

1015 2902 1200 2932 antidotum
1216 2902 1297 2932 illud
1310 2901 1328 2931 ὲ
1346 2902 1438 2931 rebus
1463 2900 1704 2940 quinquaginta
1716 2901 1862 2927 constare

1015 2946 1071 2976 ait.
1093 2946 1148 2975 lib.
1165 2946 1239 2975 vero
1251 2947 1304 2976 25.
1324 2956 1395 2985 cap.
1422 2946 1452 2974 2.
1478 2945 1565 2974 idem
1592 2943 1691 2981 habet
1716 2941 1804 2980 quod
1830 2941 1859 2969 &

1015 2988 1141 3019 Gellius
1169 2989 1224 3019 lib.
1252 2991 1304 3020 17.
1327 2999 1398 3028 cap.
1424 2987 1475 3018 16.
1502 2988 1545 3017 sic
1568 2982 1721 3022 scribens,
1745 2985 1864 3015 Anates

1016 3031 1166 3064 Ponticas
1181 3032 1286 3064 dicunt
1303 3032 1431 3064 edundis
1443 3031 1534 3072 vulgo
1550 3027 1673 3060 venenis
1695 3027 1838 3059 victitare
1849 3037 1861 3055 .-
