1948 3281
714 86 901 128 PERSII
934 84 1150 128 SATIRA
1181 84 1219 127 Ι.

1741 87 1828 129 269

105 179 378 226 Praetulerint.
409 179 570 234 Nugae.
602 177 722 228 Non,
747 176 778 218 si
803 176 901 232 quid
925 175 1084 217 turbida
1106 176 1240 218 Roma
1275 177 1297 215 5
1312 192 1452 232 Jneptiae.
1498 193 1548 223 Ne
1587 195 1777 236 assentiaris,
1810 197 1837 226 ,ςῑ

104 241 261 290 Elevet,
284 237 479 279 accedas:
513 249 734 276 examenve
758 234 993 290 improbum
1017 234 1056 275 in
1081 233 1148 275 illa

106 297 293 352 Castiges
316 294 494 336 trutinat
529 307 604 334 nec
630 303 667 333 te
688 291 922 348 quaesiveris
945 301 1070 332 extra.

1312 235 1410 266 Roma
1427 238 1612 265 tumultuosa
1636 239 1756 276 aliquid
1778 240 1835 269 ele-

1312 283 1361 309 vet
1378 290 1389 314 ‚·
1414 289 1490 308 neve
1507 280 1661 318 expendas
1675 281 1835 318 judicium

1311 322 1459 361 injustum
1488 322 1518 351 in
1543 321 1602 351 illa
1619 323 1716 352 li'mis
1742 334 1836 364 neque

102 357 217 398 Nam
241 356 387 396 Romae
410 351 502 408 quis
525 351 639 392 non?
672 351 745 392 Ah
770 349 802 390 si
825 349 883 391 fas
906 349 1036 390 dicere
1058 350 1066 391 Ξ
1102 348 1180 390 Sed
1203 347 1280 399 fas,
1309 370 1399 403 pisas
1425 369 1514 394 extra
1543 366 1680 403 teipsum,
1728 367 1835 398 Enim-

102 414 223 456 Tunc
261 412 360 452 cum
397 410 445 451 ad
484 406 692 459 canitiem,
733 407 773 449 &
806 415 993 448 nostrum
1028 406 1135 448 istud
1173 405 1461 449 vivereveraquis
1487 407 1589 437 Romoe
1614 409 1834 441 ⁷²0⁷1i‘lfacit-²

277 468 390 510 triste

1312 451 1360 480 Ah
1385 452 1413 480 ,ςὶ
1438 450 1530 480 liceat
1547 451 1655 490 loqui!
1678 451 1738 482 Sed
1754 454 1836 492 licet,
1854 485 1858 487 ,

1313 499 1385 523 lunc
1411 494 1531 533 quando
1558 494 1644 524 video
1672 505 1763 524 canos·
1782 507 1835 526 ca-

102 527 277 582 Aspexi,
298 527 337 568 Sc
354 524 530 567 nucibus
547 522 722 565 facimus
740 536 1016 579 quaecumque
1032 520 1181 563 relictis
1198 537 1208 562 ι
1250 522 1400 576 lOpmos
1412 537 1426 566 ,ν
1451 540 1472 576 ις
1489 541 1621 566 nostram
1637 537 1724 567 illam
1738 539 1835 569 vitam

105 586 220 628 Cum
245 586 424 639 sapimus
447 593 628 638 patruos,
651 591 750 621 tunc
776 590 873 622 tunc
898 578 1112 637 ignoscite.

102 643 217 701 Quid
242 643 421 684 faciam?
457 640 535 682 Sed
561 653 653 680 sum
677 637 872 694 petulanti
896 637 1033 692 splene
1056 635 1275 678 cachinno.

104 700 333 743 Scribimus
357 698 522 749 inclusi,
548 710 740 738 numeros
763 695 844 746 ille,
869 694 937 736 hic
961 693 1061 749 pede
1083 694 1197 744 liber,

1165 579 1296 620 Nolo.
1310 590 1441 610 severam
1453 591 1466 616 ;
1490 582 1512 618 a}
1527 590 1592 619 quae
1607 581 1728 621 agimus
1745 583 1835 621 depo-

1308 624 1379 654 sitis
1407 623 1532 654 nucibus
1544 635 1553 651 :
1591 624 1710 663 quando
1732 625 1834 655 imita-

1308 676 1375 696 mur
1401 671 1531 706 patruos
1561 667 1738 705 severitate,
1768 672 1833 699 tum

1310 709 1458 749 inquam,
1471 713 1533 739 tum
1545 711 1721 740 condonate.
1738 710 1830 742 Nolo.

104 759 269 800 Grande
285 757 435 812 aliquid
446 756 556 811 quod
575 754 715 809 pulmo
734 751 1295 808 animaepraelargusanhelet.
1313 752 1395 785 Quid
1409 752 1527 793 agam?
1563 753 1660 791 Atqui
1680 763 1744 783 sum
1762 755 1832 783 irri-

106 816 274 857 Scilicet
295 816 384 856 haec
403 812 571 868 populo,
596 825 804 866 pexusque
828 812 1004 866 togaque
1027 809 1194 861 recenti,

98 873 158 915 Et
181 872 363 914 natalitia
383 871 545 911 tandem
570 882 664 908 cum
690 868 942 923 sardonyche
962 867 1094 918 albus,

105 932 262 970 quiddam,
276 931 354 969 quod
364 929 470 968 pulmo
483 926 658 966 peramplus
670 924 797 964 spiritns
808 926 960 966 proferat.

105 975 208 1014 nique,
222 984 288 1004 cum
301 982 422 1014 gemma
440 971 554 1001 natalis
571 970 641 1009 diei,
659 970 719 1000 isla
732 970 815 1008 plebi

1248 812 1261 850 l
1275 812 1289 819 —
1309 806 1358 825 sor
1374 797 1412 825 ob
1429 796 1533 825 lienem
1545 806 1714 834 procacem.
1742 795 1831 827 Com-

1271 826 1292 851 '3
1303 840 1445 878 ponimus
1457 838 1568 877 clausi,
1590 839 1669 869 alius
1681 840 1833 879 carmina,

1308 884 1388 912 alim
1408 881 1524 912 solutus
1548 886 1654 919 metro,
1678 893 1831 921 operosum

1004 925 1124 965 Nempe*
1143 928 1166 964 ⁴55
1181 931 1332 966 comptus,
1346 928 1368 964 a}
1380 930 1459 956 vesle
1476 924 1565 964 πουά,
1581 927 1604 964 ἐξ
1619 927 1769 957 candidus
1784 928 1835 959 de-

105 1082 191 1112 idem
215 1081 332 1112 fecerat
355 1079 485 1110 Tullius
508 1079 545 1109 ad
562 1078 663 1110 Attic.
677 1079 730 1109 lib.
746 1079 776 1109 2.
796 1079 896 1118 Epist.
917 1081 946 1109 5.

107 1126 134 1155 S:
153 1125 208 1155 lib.
227 1127 256 1155 7.
273 1125 374 1163 Epist.
395 1126 422 1153 1.
562 1142 565 1145 ,

149 1167 350 1209 Polydamas]
386 1167 536 1204 Princeps
563 1165 737 1203 Trojanus‚
765 1175 820 1203 per
843 1175 944 1204 quem

106 1212 229 1250 optime
247 1217 389 1241 notatur.
432 1210 518 1240 Nero
535 1209 683 1238 Historiae
700 1209 847 1247 Trojanae
872 1210 945 1248 plus

107 1264 201 1293 aequo
217 1254 385 1284 studiosus.

148 1296 333 1335 Labeonem]
358 1295 471 1326 Actius
488 1293 595 1325 Labeo
612 1295 741 1334 ineptus
759 1295 864 1332 Poeta,
881 1295 945 1325 Ne-

108 1342 175 1370 roni
190 1340 400 1370 nihilomiuus
413 1338 540 1374 charus,
567 1339 604 1367 eo
621 1338 708 1376 quod
725 1338 858 1368 Homeri
875 1338 946 1368 llia-

106 1383 161 1413 dos
186 1384 278 1413 libros
304 1384 428 1422 aliquot
450 1381 484 1410 in
509 1382 638 1411 Latinos
664 1390 772 1411 versus
800 1383 946 1420 quamvis

107 1426 190 1456 male
229 1426 448 1456 transtulisset.
509 1424 561 1454 De
598 1432 636 1453 eo
673 1424 751 1453 nihil
790 1425 947 1455 habemus

106 1476 216 1509 praeter
232 1479 358 1499 versum
375 1469 476 1508 hunc,
501 1477 600 1508 quem
624 1467 701 1496 citat
719 1472 809 1498 vetus
823 1468 948 1499 Scholi-

107 1519 199 1550 asteS,

151 1555 285 1585 Crudum
308 1556 469 1586 manduces
498 1554 654 1585 Priamum
682 1553 858 1593 Priamique
892 1552 947 1584 Pi-

235 1599 346 1628 sinnos.

152 1640 181 1670 6.
204 1640 330 1680 Elevet]
354 1642 486 1672 Elevare
511 1640 672 1680 Significat
687 1639 753 1670 duo
769 1641 945 1681 contraria;

107 1685 226 1723 nempe
243 1694 370 1724 augere,
386 1686 412 1715 ἃ
431 1686 594 1714 minuere:
622 1692 729 1722 neque
745 1688 870 1713 constat
884 1694 948 1723 quo

106 1737 201 1757 sensu
222 1727 276 1757 hic
298 1728 315 1757 ὲ
341 1728 445 1758 Persio
468 1727 676 1765 intelligatur.
720 1726 915 1765 Metaphora
931 1728 949 1757 ὲ

105 1770 312 1809 ponderibus,
329 1771 363 1800 in
380 1770 500 1810 quibus
523 1776 559 1800 ut
574 1770 651 1799 lanx
674 1769 794 1807 gravior
815 1770 948 1800 attolla-

107 1819 171 1851 tur,
195 1814 223 1843 &
249 1823 303 1852 par
331 1814 421 1844 alteri
444 1814 510 1852 fiat,
536 1823 579 1842 ex
601 1821 640 1842 ea
664 1812 784 1850 aliquid
810 1813 947 1843 detrahi-

105 1861 167 1886 tur.
528 1868 531 1870 ’

147 1899 300 1938 Accedas]
324 1899 357 1930 Id
372 1906 437 1938 est3
465 1909 506 1930 ne
531 1905 562 1929 te
585 1898 739 1936 adjungas
763 1899 801 1928 ad
818 1899 946 1939 iniquos

105 1942 127 1973 J
131 1942 238 1972 udices
262 1942 439 1981 Romanos,
467 1944 532 1973 sive
555 1943 655 1972 bonos
679 1951 785 1971 versus
802 1948 946 1974 contem-

107 1992 198 2023 nant,
213 1986 278 2016 sive
294 1987 396 2016 malos
412 1987 581 2016 aestiinent.

146 2029 301 2069 Examen]
326 2029 384 2059 Est
404 2030 536 2059 bilancis
557 2029 659 2066 hasta,
682 2027 788 2065 filum,
811 2027 946 2068 lingula,

107 2070 173 2109 qua
185 2077 305 2108 stante,
318 2072 350 2102 in
364 2079 510 2102 neutram
524 2079 674 2111 vergente
692 2078 827 2109 partem,
846 2072 874 2101 &c
888 2073 946 2102 sub

104 2122 181 2143 ansa
196 2114 329 2152 latente,
347 2114 564 2153 aequilibrium
580 2115 796 2154 cognoscitur.
841 2114 946 2146 Meta-

105 2155 234 2195 phorice
250 2158 382 2196 ponitur
400 2167 455 2194 pro
468 2158 602 2195 judicio.

149 2200 179 2229 7.
207 2199 350 2238 Trutind]
374 2199 500 2238 Proprie
523 2207 570 2230 est
586 2200 664 2229 illud
684 2199 843 2239 foramen,
866 2201 948 2232 intra

106 2242 194 2280 quod
223 2244 356 2273 libratur
385 2243 517 2272 bilancis
545 2244 667 2281 lingua,
693 2243 733 2273 de
761 2253 826 2283 qua
856 2254 947 2275 mox.

102 2283 170 2315 Hic
187 2287 324 2316 sumitur
338 2295 392 2324 pro
406 2291 473 2316 tota
487 2286 622 2316 bilance.

147 2327 215 2358 Nec
226 2333 256 2358 τε
269 2329 441 2367 quaesiveris
451 2329 553 2367 extra]
578 2329 627 2358 Ne
643 2334 734 2358 extra
751 2335 783 2359 te
794 2329 816 2359 J
819 2329 946 2361 udicem

105 2380 212 2410 quaere
227 2371 462 2409 autjudicium.
510 2372 565 2401 Tu
582 2373 649 2410 ipse
666 2381 711 2401 res
728 2371 875 2410 dijudica.

146 2414 176 2444 8.
202 2414 287 2445 Nam
303 2413 406 2444 Romae
422 2415 489 2455 quis
509 2424 568 2444 non
581 2413 611 2453 ?]
635 2415 856 2453 Aposiopoesis
879 2421 943 2446 est:

103 2456 134 2486 id
157 2463 216 2496 est,
233 2459 304 2497 quis
323 2458 429 2488 Romae
457 2467 559 2488 errore
580 2459 749 2488 communi
770 2459 889 2497 lapsus,
914 2461 944 2489 ἅτ

104 2506 192 2530 extra
208 2511 241 2531 se
253 2501 415 2539 judicium
430 2511 587 2540 quaerens,
611 2510 676 2531 non
696 2502 776 2531 male
796 2502 943 2538 judicat?

102 2541 180 2579 Vel,
204 2544 275 2582 quis
293 2544 401 2574 Rornae
418 2553 483 2574 non
497 2544 623 2574 affectat
641 2543 770 2573 laudem
786 2543 915 2575 Poeseos
930 2546 944 2576 ?

104 2585 178 2616 Quo
193 2587 325 2626 quidem
342 2587 564 2627 perstringitur
577 2588 644 2625 ipse
663 2587 756 2617 Nero.

145 2627 282 2667 Sedfas,
303 2634 388 2668 tunc,
406 2630 472 2669 iga]
495 2629 616 2659 Totum
644 2630 733 2660 hunc
760 2631 868 2660 locum
892 2632 945 2662 alii

103 2669 195 2700 aliter
209 2672 466 2711 interpretantur.
515 2673 657 2705 Quidam
673 2674 787 2703 volunt
803 2674 943 2705 Persium

103 2713 195 2752 loqui
223 2715 257 2744 in
282 2718 406 2755 propria
422 2726 569 2756 persona,
585 2716 629 2745 ita
645 2721 682 2745 ut
697 2716 779 2745 dicat
801 2717 860 2746 sibi
876 2724 946 2747 tan-

103 2755 179 2786 dem
193 2757 288 2787 licere
301 2757 411 2789 invehi
435 2760 467 2789 in
483 2760 655 2789 hominum
671 2759 759 2797 vitia,
784 2769 859 2789 cum
878 2760 948 2799 ipse

99 2799 182 2836 jam,
195 2800 221 2829 si
236 2800 341 2830 minus
355 2807 460 2841 aetate,
474 2810 506 2832 at
518 2803 662 2832 moribus
676 2811 778 2831 senex
796 2803 853 2832 sibi
878 2813 946 2833 esse

44 2870 51 2875 ,
104 2841 266 2872 videatur:
291 2842 348 2882 fas,
360 2845 478 2884 inquit,
491 2846 569 2875 mihi
585 2850 629 2874 cst
647 2854 757 2883 pravos
780 2856 882 2875 mores
900 2857 944 2876 re»

104 2885 315 2924 prehendere,
331 2888 404 2917 cum
420 2889 585 2919 considero
610 2898 686 2917 mee
716 2889 832 2918 inentis
857 2891 942 2919 cani-

104 2927 196 2965 tiem,
220 2929 248 2957 δε
264 2939 374 2959 meum
391 2931 519 2961 vivendi
534 2940 635 2971 genus
651 2940 812 2968 severum,
836 2938 942 2962 matu-

104 2978 241 3010 ramque
256 2972 370 3002 relictis
387 2974 480 3012 nugis
496 2975 699 3013 sapientiam.
747 2974 812 3004 Alii
833 2980 944 3005 tamen

105 3013 258 3044 videntur
286 3016 400 3045 melius
427 3017 522 3046 Persii
551 3026 681 3047 sensum
711 3018 858 3055 assecuti,
889 3019 946 3057 qui

104 3055 196 3086 aiunt
218 3057 312 3087 illum
341 3058 490 3090 homines
513 3069 577 3090 suae
603 3061 701 3090 aetatis
724 3069 864 3099 carpere,
889 3061 946 3100 qui

104 3104 196 3130 aetate
206 3099 282 3131 licet
292 3103 435 3140 provecti
448 3104 477 3133 δι
493 3104 635 3134 moribus
649 3103 810 3144 vultuque
826 3113 947 3145 ἔπινες,

991 1079 1097 1109 adhuc
1113 1083 1223 1109 tamen
1236 1078 1405 1109 scribendis
1415 1077 1586 1116 versiculis,
1601 1077 1659 1117 qui
1670 1078 1833 1115 juvenum

991 1123 1081 1152 lusus
1097 1130 1183 1160 sunt,
1200 1122 1330 1153 laudem
1347 1122 1529 1161 captabant.

1037 1168 1084 1195 10.
1110 1164 1260 1205 Nucibus]
1286 1165 1320 1195 ld
1337 1171 1395 1203 est,
1411 1165 1586 1204 puerilibus
1609 1164 1692 1195 ludis
1713 1174 1750 1194 ac
1774 1174 1833 1195 nu·

990 1209 1034 1248 gis
1050 1209 1256 1246 quibuslibet.
1305 1209 1440 1238 Sueton.
1458 1209 1597 1247 August.
1625 1218 1695 1247 cap.
1710 1207 1761 1238 83.
1785 1217 1833 1238 re-

989 1252 1049 1281 fert
1071 1252 1164 1282 illurn
1185 1262 1262 1282 cum
1282 1252 1386 1291 pueris
1410 1252 1544 1281 minutis
1561 1251 1725 1282 interdurn
1741 1252 1833 1281 nuci·

990 1296 1050 1325 bus
1066 1296 1218 1325 lusitasse.

1036 1340 1087 1368 11.
1111 1337 1185 1368 Cam
1209 1338 1341 1377 sapimus
1358 1336 1502 1377 patruos]
1540 1336 1608 1371 Qui
1634 1342 1712 1368 sunt
1733 1346 1836 1378 nepo-

991 1386 1063 1411 tum
1079 1382 1150 1411 duri
1165 1383 1249 1420 saepe
1262 1382 1474 1420 castigatores.

1034 1424 1205 1465 Ignoscite]
1233 1425 1335 1454 Sinite
1351 1434 1405 1454 me
1421 1429 1570 1463 corrupta
1584 1424 1758 1455 hominum
1780 1425 1835 1463 ju-

991 1468 1069 1497 dicia
1089 1474 1207 1498 notare.

1033 1510 1131 1550 Nolo]
1155 1510 1232 1540 Non
1257 1510 1374 1550 sinam,
1401 1510 1509 1550 inquit
1534 1511 1697 1541 monitor:
1730 1511 1769 1541 ab
1786 1510 1836 1541 his

991 1554 1148 1585 abstineas
1162 1554 1275 1591 jubeo.

1036 1599 1086 1628 12.
1112 1597 1196 1631 Quid
1210 1596 1335 1633 faciam
1346 1595 1381 1638 .⁹]
1414 1596 1600 1635 Respondet
1623 1597 1772 1635 Persius;
1803 1601 1837 1626 at

991 1641 1075 1671 mihi
1098 1646 1275 1679 temperare
1302 1649 1368 1670 non
1396 1649 1548 1679 possum:
1573 1640 1666 1679 splen
1689 1640 1836 1680 grandior

991 1685 1145 1714 irrisorem
1162 1694 1226 1721 me,
1249 1684 1276 1713 Sc
1291 1684 1459 1713 satiricum
1476 1683 1562 1713 facit.
1609 1683 1647 1713 ln
1662 1683 1749 1713 liene
1763 1682 1838 1713 Me-

992 1727 1054 1756 dici
1069 1727 1223 1758 affectum
1242 1726 1318 1756 risus
1337 1727 1507 1757 collocant.

1033 1768 1214 1810 Pelulanti]
1229 1768 1380 1799 Petulans
1394 1770 1509 1800 dicitur
1519 1769 1577 1810 qui
1591 1770 1681 1800 hunc
1695 1769 1726 1800 &
1742 1770 1775 1800 ill
1781 1779 1838 1801 um

991 1812 1112 1851 absque
1130 1813 1253 1851 pudore
1269 1813 1361 1851 petit.

1038 1855 1205 1894 Cachinna]
1244 1855 1425 1894 Cachinrm,
1453 1856 1534 1894 onis,
1563 1861 1611 1886 est
1635 1856 1738 1886 homo
1763 1855 1839 1886 risus

990 1898 1268 1937 intemperantior,
1285 1899 1369 1929 sicut
1383 1898 1562 1929 cachinnus
1580 1899 1680 1929 risum
1697 1898 1841 1930 effusum

991 1942 1157 1981 significat.

1040 1987 1087 2015 13.
1111 1984 1274 2015 Scribimus
1287 1983 1412 2024 inclusi]
1439 1984 1666 2025 Prosopopoeia
1692 1990 1739 2015 est
1763 1986 1840 2016 Poe'-

991 2032 1097 2058 tarum
1113 2029 1301 2067 ineptorum
1324 2027 1408 2057 illius
1424 2029 1594 2067 temporis,
1617 2037 1699 2068 quos
1715 2028 1842 2059 inducit

992 2071 1114 2101 Persius
1131 2081 1222 2101 suam
1238 2081 1369 2101 causam
1385 2071 1609 2101 defendentes.
1652 2070 1742 2104 Quid
1763 2072 1841 2102 mali

989 2113 1140 2153 facimus,
1178 2115 1344 2153 inquiunt,
1378 2113 1540 2153 siquidem
1578 2123 1702 2144 musaeo
1732 2120 1841 2144 nostro

990 2157 1103 2196 clausi,
1121 2158 1202 2188 alius
1218 2157 1337 2195 stricta,
1360 2157 1440 2186 alius
1457 2157 1560 2187 soluta
1575 2158 1721 2189 oratione
1735 2157 1842 2188 scribi·

991 2210 1064 2230 mus
1079 2201 1244 2241 egregium
1259 2200 1423 2240 quoddam
1439 2199 1543 2238 opus?

1038 2246 1087 2273 14.
1113 2244 1200 2277 Quod
1209 2244 1314 2282 pulmo
1327 2243 1449 2281 animae]
1475 2244 1571 2274 Quod
1587 2252 1666 2274 cum
1681 2243 1842 2283 anhelitu,

993 2287 1021 2316 Sc
1039 2297 1106 2317 non
1122 2288 1191 2317 sine
1206 2287 1314 2317 labore
1339 2288 1368 2315 Sc
1392 2287 1563 2316 vexatione
1580 2287 1748 2325 pulmonis
1771 2286 1846 2318 aare
1889 2288 1893 2292 '

992 2331 1020 2358 ἃ
1052 2336 1150 2360 vento
1177 2330 1307 2360 distenti
1332 2330 1513 2359 recitemus.
1558 2329 1698 2359 Videtur
1728 2335 1842 2361 autem

989 2371 1113 2403 Persius
1143 2381 1254 2404 notare
1292 2373 1608 2412 grandiloquentiam
1642 2371 1842 2412 affectatam,

988 2416 1193 2454 periodorum
1206 2416 1457 2456 longitudinem,
1473 2417 1500 2445 δε
1513 2415 1730 2454 ampullatam
1743 2418 1844 2456 turgi-

987 2458 1130 2499 damque
1146 2460 1337 2490 mationem.

1034 2504 1085 2532 15.
1107 2503 1232 2532 Scilicet
1248 2501 1446 2540 haecpopulo]
1470 2501 1607 2540 Excipit
1621 2501 1748 2532 satirice
1763 2502 1841 2533 Per-

988 2545 1071 2575 sius:
1097 2545 1217 2585 nempe
1233 2544 1342 2575 auram
1361 2545 1550 2584 popularem
1577 2551 1689 2583 captas:
1715 2547 1841 2585 scripti-

991 2589 1088 2619 tando
1118 2589 1147 2618 &
1177 2588 1349 2625 recitando,
1376 2589 1404 2617 Sc
1430 2597 1547 2618 vanam
1564 2587 1756 2620 eruditionis
1773 2591 1843 2629 opi-

988 2632 1123 2662 nionem
1141 2632 1280 2662 affectas,

1036 2675 1086 2705 16.
1107 2674 1286 2713 Natalitia]
1309 2674 1371 2704 Vel
1389 2674 1502 2713 gestari
1528 2672 1621 2704 solita
1647 2675 1701 2705 die
1730 2676 1843 2713 natali,

989 2717 1042 2746 vel
1056 2718 1143 2748 dono
1157 2718 1242 2748 data.

1033 2760 1147 2799 Albus]
1170 2760 1266 2790 Veste
1293 2760 1377 2789 nova
1405 2761 1433 2790 δε
1461 2760 1596 2799 pretiosa
1624 2760 1841 2799 splendidus!

990 2802 1121 2833 fortasse
1137 2804 1249 2841 etiam,
1273 2803 1424 2842 pallidus,
1440 2804 1505 2832 sive
1521 2805 1561 2834 ob
1578 2805 1727 2834 studium
1746 2803 1844 2842 perti-

990 2855 1068 2883 nax,
1083 2848 1149 2875 sive
1163 2847 1203 2876 ob
1220 2848 1385 2887 ingentem
1402 2856 1525 2884 curam,
1551 2849 1614 2886 qua
1639 2857 1670 2876 se
1689 2846 1739 2875 illi
1756 2855 1843 2876 corn-

989 2890 1143 2928 parabaut
1179 2890 1216 2918 ad
1256 2889 1467 2928 recitandum,
1506 2891 1571 2920 sive
1616 2890 1764 2928 deniqlue
1802 2890 1845 2919 ob

987 2933 1123 2961 anxium
1140 2932 1178 2961 (le
1195 2939 1314 2962 eventu
1329 2934 1489 2963 animum.

1033 2973 1241 3015 sardonyche]
1266 2980 1408 3006 Ornatus
1432 2977 1569 3012 annulo,
1591 2975 1685 3012 cujus
1714 2983 1847 3013 gemma

990 3018 1030 3048 sit
1041 3025 1213 3058 sardonyx,
1228 3019 1358 3058 lapillus
1375 3019 1526 3049 subrubei
1541 3018 1638 3047 simul
1658 3018 1686 3046 δε
1709 3018 1846 3047 subcan-

989 3061 1055 3091 didi
1079 3063 1189 3092 coloris
1246 3063 1321 3092 Vox
1346 3062 1428 3092 facta
1451 3063 1468 3091 ὲ
1494 3061 1598 3092 sardio
1620 3059 1733 3100 lapide
1756 3060 1847 3090 rubri

992 3105 1120 3144 coloris,
1139 3107 1167 3136 δε
1183 3105 1313 3145 onyche
1328 3105 1462 3136 subalbi.
