1948 3281
605 59 945 109 JUVENALIS
984 56 1205 102 SATIRA
1239 58 1322 103 VI.

118 162 220 223 Quo
252 170 362 204 tener
383 155 635 213 Hedymeles
668 168 833 211 operam
869 151 980 195 dedit
997 167 1011 205 3

294 218 374 258 hoc
397 231 439 257 se

121 278 297 327 Solatur,
322 283 520 331 gratoque
540 271 728 328 indulget
748 268 860 312 basia
880 268 1075 331 plectro..
1113 323 1122 331 ·
1226 322 1235 330 ·

121 334 326 379 Ouaedam
348 332 397 373 de
417 345 590 372 numero
611 327 869 379 Lamiarum,
892 342 939 369 ac
961 338 1146 369 nominis
1168 323 1239 365 alti
1298 383 1314 391 ..

124 379 233 435 &um
258 391 358 432 farre
383 389 423 430 Sc
443 388 539 430 vino
560 388 732 438 Janum,
754 387 1010 441 Vestamque
1032 382 1215 440 rogabat,
1234 382 1316 423 380

121 449 196 493 An
214 445 495 503 Capitolinam
519 445 679 487 deberet
703 443 833 486 Pollio
856 457 1057 499 quercum

123 508 305 561 Sperare,
331 505 370 546 &
392 503 540 545 fidibus
564 502 813 558 promittere.
873 500 989 559 Quid
1013 501 1162 542 faceret
1184 498 1275 555 plus

123 565 371 620 AEgrotante
395 561 479 603 viro
499 563 512 602 ?
548 560 727 602 Medicis
751 558 850 615 quid
873 558 1055 600 tristibus
1076 571 1170 620 erga

127 622 351 664 Filiolum?
388 619 507 661 Stetit
530 629 623 660 ante
645 633 770 667 aram,
794 632 870 658 nec
893 625 1008 671 turpe
1030 624 1188 671 putavit

123 681 203 722 Pro
226 679 379 720 cithara
401 677 528 719 velare
551 685 701 731 caput3
736 675 967 730 dictataque
988 673 1110 715 verba

127 737 318 786 Protulit,
341 744 388 777 ut
410 749 500 776 mos
524 743 600 786 est,
626 734 666 774 Sc
686 733 823 788 aperta
844 731 986 794 palluit
1008 732 1130 793 agna.

124 793 210 836 Die
231 793 335 835 mihi
355 807 468 834 nunc
490 806 649 847 quaeso,
674 791 739 831 dic
762 789 1049 846 antiquissime
1071 786 1264 852 Divum3

124 851 363 906 Respondes
386 849 467 900 his,
490 851 593 891 Jane
613 849 752 904 pater?
787 849 947 904 Magna
969 847 1059 888 ocia
1076 845 1187 889 coeh.

123 910 226 950 Non
248 918 308 949 est
334 909 398 962 (ut
419 906 555 960 video)
582 921 668 947 non
691 913 766 956 est,
791 905 891 961 quid
915 914 1056 962 agatur
1073 904 1181 958 apud
1204 917 1293 944 vos.

1774 57 1857 110 103

1043 151 1158 193 hunc
1193 158 1319 203 tenet5
1335 161 1392 192 quo
1415 152 1546 183 laborem
1573 154 1720 194 impendit
1751 159 1854 191 mollis,

1336 196 1538 235 Hedymeles:
1563 197 1641 228 illud
1663 205 1851 243 contrectat,

1333 240 1367 268 eb
1396 249 1461 269 sese
1489 244 1620 279 recreat,
1655 252 1692 271 ac
1710 245 1853 281 jucundo

1328 282 1448 321 pectini
1458 282 1560 313 oscula
1571 284 1753 324 impertitur.
1762 288 1850 319 Non-

1336 325 1431 355 nullae
1470 326 1486 355 e*
1512 336 1633 358 numero
1658 327 1854 371 Lamiarum,

1334 370 1357 407 t}-
1384 369 1605 409 appellationis
1627 371 1760 410 excelsae,
1783 384 1854 405 cum

1322 412 1418 450 farre
1448 417 1541 452 atque
1567 414 1637 444 vino
1671 415 1788 446 Janum
1816 428 1854 448 ae

1338 456 1460 486 Vestam
1488 458 1714 498 interrogabat,
1746 464 1852 490 utrum

1335 498 1436 530 Pollio
1468 500 1589 530 deberet
1617 505 1796 540 exspectare
1825 506 1851 542 {5

1334 542 1454 573 chordis*
1464 542 1611 583 polliceri
1627 555 1770 583 quercum
1787 546 1850 576 Ca-

1328 587 1507 625 pitolinam.
1551 587 1676 626 Ecquid
1684 592 1854 627 prestaret

1337 630 1479 670 amptius,
1501 632 1613 660 marito
1637 642 1739 672 aegro:
1775 633 1855 671 quid

1236 671 1324 714 390
1336 673 1453 703 maestis
1478 674 1517 703 de
1539 675 1669 713 puerulo
1685 674 1851 706 Medicis-‚2

1338 716 1485 746 Constitit
1499 718 1542 746 ad
1555 720 1668 756 altare,
1684 728 1779 758 neque
1789 729 1851 758 pu-

1337 760 1466 789 dendum
1495 761 1683 791 existimavit
1709 762 1853 803 obtegere

1336 807 1431 841 caput
1454 814 1512 843 pro
1539 805 1617 842 lyra,
1641 807 1664 843 ξς
1682 809 1855 845 praeceptas

1336 856 1423 876 voces
1446 848 1662 886 pronuntiare,
1696 848 1778 878 sicut
1807 853 1854 879 est

1337 892 1536 928 consuetudo,
1569 895 1662 930 atque
1699 891 1857 930 expalluit·

1338 933 1472 962 ‹Iissectti
1485 933 1582 974 agnd.
1627 936 1699 964 Jam
1716 934 1790 964 mihi
1805 938 1854 965 lo-

124 967 232 1008 Haec
255 966 305 1006 de
326 963 544 1006 Comoedis
569 973 607 1005 te
630 962 810 1004 consulit
830 979 841 1004 z
875 963 944 1004 illa
962 963 1216 1018 Tragoedum
1240 962 1322 1003 395
1338 986 1441 1015 quere,
1460 987 1592 1015 precor:
1617 978 1696 1015 fare
1717 978 1855 1008 Deorum

124 1024 332 1062 vetustissime,
347 1033 389 1053 an
404 1033 574 1062 responsum
590 1023 646 1052 das
660 1022 738 1060 istis,
763 1022 782 1051 ὁ
797 1022 879 1051 Jane
888 1031 1004 1060 parens
1016 1019 1030 1049 .⁷
1054 1021 1170 1061 Ingens
1186 1022 1281 1050 ocium
1296 1020 1381 1050 coelo.
1427 1019 1536 1060 Deest,
1557 1021 1635 1051 sicut
1648 1031 1749 1061 cerno,
1772 1022 1858 1053 deest

123 1066 275 1106 quodfiat
290 1067 370 1096 inter
383 1076 444 1096 vos.
488 1065 554 1096 Illa
570 1069 600 1095 te
612 1069 702 1106 rogat
720 1066 757 1095 de
771 1064 978 1104 histrionibus,
999 1065 1061 1095 ista
1075 1065 1177 1104 cupiet
1194 1064 1379 1106 Tragoedum

166 1218 240 1248 382.
267 1217 333 1251 Quo
349 1222 435 1249 tener
450 1217 634 1258 Hedymeles
649 1227 770 1256 operam
786 1218 885 1257 dedit]
917 1219 966 1249 Eo

127 1261 281 1292 nimirum
310 1263 439 1300 pectine
464 1271 540 1291 usus
563 1262 618 1291 ille
642 1261 850 1299 citharoedus,
872 1263 967 1299 cujus

127 1304 243 1335 fictum
261 1305 388 1335 videtur
402 1314 524 1336 nomen
540 1305 580 1334 ab
596 1304 657 1343 fitia,
671 1314 773 1343 sua-ce,
804 1306 832 1334 <Sc
849 1303 969 1344 μέλΘ,

129 1354 256 1378 cantus.

169 1390 239 1420 Hoc
264 1401 296 1421 se
321 1391 452 1430 solatur]
475 1391 624 1422 Absente
653 1391 843 1429 citharoedo,
868 1401 969 1430 quem

125 1441 224 1472 amat,
247 1435 316 1472 ejus
339 1435 500 1474 plectrum
518 1436 547 1464 δε
564 1435 720 1465 citharam
737 1434 858 1473 gaudet
871 1436 969 1473 possi-

127 1476 216 1514 dere,
230 1483 373 1517 tangere,
388 1478 533 1508 osculari.

169 1520 244 1550 384.
272 1519 414 1553 Quaedam
432 1521 468 1549 de
483 1530 602 1550 numero
617 1520 812 1559 Lamiarum]
836 1520 968 1552 Nobiles

131 1562 301 1601 imprimis.
347 1564 435 1593 Vide
453 1564 561 1593 Sat.4.
580 1575 611 1595 v.
629 1564 688 1594 ult.

168 1604 309 1634 Nominis
337 1607 412 1644 alti]
442 1607 480 1637 In
507 1608 700 1646 quibusdam
732 1607 892 1638 codicibus
920 1609 967 1638 le-

126 1648 224 1687 gitur,
248 1647 340 1688 Appt.
388 1648 486 1682 Quod
501 1649 611 1680 Romae
635 1651 762 1681 celebre
777 1660 912 1690 nomen,
936 1653 965 1682 δε

155 1700 245 1721 enus.

134 1700 153 1731 g
169 1734 243 1764 385.
270 1734 346 1764 Cum
362 1734 457 1772 farre
473 1737 495 1773 ῥὶ-
515 1733 599 1772 cino]
623 1733 704 1764 Haec
730 1736 967 1768 adhibebantur

130 1777 167 1806 in
182 1778 348 1808 sacrificiis
399 1779 484 1808 Vide
501 1779 564 1808 Sat.
580 1778 611 1807 9.
628 1786 693 1806 ver.
710 1781 780 1809 122.

169 1820 298 1860 Janum]
324 1822 435 1851 Cicero
451 1822 506 1851 lib.
524 1823 555 1850 2.
569 1820 609 1849 de
624 1819 699 1851 Nat.
716 1823 814 1852 Deor.
827 1833 896 1862 cap.
913 1825 963 1854 67.

128 1861 205 1892 Cdnz
230 1864 262 1893 in
283 1864 424 1901 ⁴omnibus
451 1866 536 1893 rebus
563 1864 621 1891 rim
646 1863 778 1895 habeant
804 1867 968 1896 maximam

118 1906 223 1946 prima
240 1909 263 1944 c}-
284 1912 431 1945 extrema,
455 1906 631 1944 Principem
653 1906 684 1935 in
697 1907 898 1945 sacrificando
911 1910 968 1940 Ja-

124 1958 195 1978 nutn
211 1959 273 1979 esse
288 1950 459 1988 voluerunt,
484 1951 541 1980 ἃς.
585 1949 674 1980 Vide
688 1951 787 1981 Alex.
813 1953 852 1981 ab
868 1953 966 1983 Alex.

126 1991 180 2022 lib.
198 1996 216 2022 4
245 2003 314 2032 cap.
334 1996 383 2023 17.

176 2034 311 2074 Vestam]
339 2036 450 2066 Cicero
466 2036 538 2066 loco
554 2046 634 2066 mox
651 2038 760 2074 citato,
778 2039 822 2068 ita
837 2040 941 2079 pergit
956 2052 962 2070 :

131 2076 227 2107 Vestoe
243 2088 347 2107 nomen
372 2080 391 2107 ἀ
410 2078 535 2108 Graecis.
580 2079 632 2108 Ea
661 2085 706 2110 est
732 2082 811 2111 enim
837 2093 904 2121 quae
929 2084 967 2112 ab

125 2119 192 2149 illis
217 2119 286 2154 ἐσίω
310 2121 423 2151 :licitur
484 2121 535 2150 Vis
561 2125 663 2151 autem
689 2124 754 2162 ejus
778 2126 821 2154 ad
845 2136 918 2155 aras
944 2129 967 2165 t}-

115 2162 210 2200 focos
220 2165 370 2203 pertinet.
413 2164 522 2202 Itaque
534 2165 567 2193 in
582 2174 618 2193 ea
632 2165 719 2204 Dea,
731 2177 795 2205 quae
808 2173 853 2197 est
868 2179 966 2199 rerum

126 2210 224 2235 custos
252 2207 441 2244 intimarum,
465 2207 559 2236 omnis
585 2208 609 2244 ᾇ·
630 2210 769 2245 precatio
795 2213 818 2248 25-
847 2212 967 2250 Saffiffi·

126 2249 210 2278 catio
223 2254 359 2279 extrema
376 2254 433 2279 est.
481 2250 617 2288 Dionys.
635 2251 846 2284 Halicarnass.
863 2255 916 2285 lib.
931 2257 963 2286 2.

127 2292 229 2331 quam
254 2293 395 2334 religiose
411 2293 569 2323 coleretur
586 2292 603 2321 ὲ
617 2293 770 2325 Romanis
789 2295 878 2326 Vesta
893 2298 963 2328 fuse

127 2335 233 2366 docet.

170 2379 244 2409 386.
282 2378 490 2419 Capitolinam
505 2379 661 2418 quercum]
692 2379 732 2410 In
745 2391 849 2420 agone
866 2383 965 2424 Capi-

127 2420 231 2452 tolino
250 2422 384 2453 victores
406 2432 559 2453 coronam
582 2422 599 2452 ὲ
616 2433 738 2462 quercu
755 2426 966 2464 accipiebant.

127 2463 230 2494 Vetus
245 2465 355 2495 Schol.
373 2467 508 2495 Sueton.
526 2467 652 2497 Domit.
667 2477 738 2506 cap.
751 2470 780 2497 4.
796 2470 838 2498 sic
849 2470 966 2502 habet:

126 2506 271 2538 Instituit
300 2511 323 2546 ὃ·
347 2509 568 2548 quinquennale
596 2513 761 2549 certamen,
791 2511 968 2550 Capitolino

128 2550 200 2580 Jove·
237 2551 363 2590 triplew,
387 2551 553 2591 BIusicum,
587 2552 750 2592 Equestre,
787 2554 968 2594 Gfflnnicum

239 2615 249 2624 .
297 2618 302 2624 .
348 2605 385 2624 ac
409 2600 524 2634 praeter
552 2595 745 2626 Citharcedos
769 2596 968 2631 Chorocitlza-

129 2635 213 2665 ‘ristoe
229 2646 345 2676 quoque
360 2639 534 2676 certabant,
551 2641 610 2670 (Sec.

173 2679 311 2710 Martial.
323 2681 378 2710 lib.
396 2684 426 2711 4.
442 2682 607 2722 Epigram.
625 2684 677 2712 54.

218 2722 246 2752 Ο
259 2723 308 2759 cui
321 2723 466 2763 Tarpeias
477 2725 567 2754 licuit
583 2726 759 2766 contingere
773 2738 908 2767 quercus.

132 2765 188 2795 Do
203 2775 321 2796 corona
338 2776 474 2806 querna,
497 2769 644 2808 aliisque,
668 2770 739 2799 vide
756 2770 840 2802 Gell.
865 2774 919 2804 lib.
936 2777 966 2805 5.

132 2817 202 2847 cap.
217 2810 248 2838 6.
271 2808 355 2839 Plin.
367 2810 421 2839 lib.
443 2811 493 2841 16.
511 2821 579 2850 cap.
600 2814 629 2841 4.
648 2814 706 2843 (Sec.

174 2850 290 2890 Pollio]
314 2851 516 2884 citharoedus
531 2855 647 2885 illustri
660 2856 706 2886 illi
722 2862 874 2890 matronae
893 2861 966 2891 ada-

130 2899 250 2925 matus.

176 2938 251 2968 5388.
275 2937 411 2968 Medicis
425 2940 498 2978 quid
513 2940 664 2983 tristitae]
704 2943 757 2974 Ob
785 2945 967 2976 conclama-

135 2985 204 3012 tam
219 2982 347 3019 pueruli
360 2983 513 3022 salutem,
527 2984 566 3014 de
581 2996 645 3025 qua
656 2988 728 3024 jam
746 2987 927 3027 desperant.

178 3024 253 3055 890.
277 3024 339 3054 Pro
363 3025 497 3064 cithara]
539 3028 600 3058 Pro
628 3030 815 3062 Citharoedo
840 3036 915 3065 vota
942 3034 972 3066 &

137 3066 232 3100 Sacra
244 3067 359 3110 faeere,
382 3069 489 3111 capite
502 3070 608 3105 velato
621 3084 628 3105 ι
651 3082 695 3106 ex
710 3083 810 3109 more.

1060 1217 1166 1247 Velare
1181 1216 1289 1257 caput]
1301 1217 1413 1255 Hujus
1431 1217 1573 1249 instituti
1585 1219 1740 1250 rationem
1753 1230 1855 1251 excu-

1013 1262 1052 1292 tit
1066 1262 1226 1291 Plutarch.
1243 1266 1357 1300 quaest.
1383 1261 1520 1291 Centur.
1546 1261 1639 1292 Rom.
1662 1273 1720 1302 qu.
1737 1265 1786 1293 10.
1811 1274 1856 1294 ne

1013 1305 1203 1334 mortalibus
1238 1306 1265 1334 &
1308 1305 1544 1342 potentioribus
1580 1305 1769 1337 horninibus
1797 1317 1857 1347 par

1013 1348 1115 1378 honos
1132 1347 1246 1377 deferri
1261 1347 1419 1384 videatur,
1442 1358 1479 1378 ac
1503 1348 1572 1380 Diis
1595 1350 1673 1388 ipsis
1689 1350 1856 1381 immorta-

1014 1391 1120 1429 libus3
1145 1391 1207 1420 illis
1225 1391 1403 1420 reverendis
1420 1397 1520 1430 caput
1542 1393 1707 1432 aperiunt,
1731 1393 1786 1424 his
1797 1403 1856 1425 au-

1014 1439 1083 1464 tem
1097 1434 1271 1463 obnubunt
1284 1443 1321 1463 ac
1334 1434 1459 1464 velant.

1055 1477 1187 1507 Dictata
1202 1475 1311 1517 verba]
1346 1477 1499 1507 Docente
1515 1479 1544 1507 ἀ
1562 1485 1728 1516 praeeunte
1745 1481 1857 1511 Sacer-

1011 1520 1099 1559 dote,
1126 1521 1212 1551 Plin.
1225 1520 1281 1550 lib.
1298 1519 1349 1550 28.
1368 1529 1438 1559 cap.
1454 1522 1485 1551 2.
1518 1521 1668 1552 Victimas
1690 1524 1765 1553 coedi
1788 1524 1856 1555 sine

1004 1563 1185 1603 precatione
1200 1573 1259 1592 non
1284 1563 1405 1593 videtur
1427 1564 1555 1602 referre,
1580 1575 1675 1604 neque
1696 1566 1780 1597 Deos
1796 1567 1857 1597 rite.

1010 1607 1081 1637 coli.
1128 1606 1286 1637 Praeterea*
1318 1606 1381 1636 alia
1419 1611 1491 1637 sunt
1528 1608 1618 1638 cerba
1657 1610 1857 1650 impetrantis

1012 1649 1103 1690 (alias
1133 1651 1373 1690 impetrientis3
1413 1651 1444 1680 id
1474 1658 1532 1690 est,
1572 1653 1765 1692 inquirentis
1796 1664 1857 1693 per

1011 1701 1109 1732 exta3
1134 1694 1244 1724 Valer.
1271 1694 1412 1724 Maxim.
1437 1695 1480 1724 lib
1500 1697 1528 1725 1.
1552 1706 1621 1736 cap.
1643 1697 1688 1735 ἶ.)
1712 1695 1790 1727 Alia
1805 1698 1858 1727 de-

1008 1737 1153 1775 pulsoris,
1183 1738 1245 1766 alia
1275 1737 1549 1768 commendationis.
1609 1739 1748 1770 Vidimus
1763 1738 1858 1772 certis

1006 1780 1237 1818 precationibus
1264 1780 1435 1810 obsecrasse
1463 1792 1591 1812 summos
1618 1784 1856 1825 Magistratus.-

1012 1824 1035 1859 «ξς
1051 1824 1175 1862 nequid
1200 1824 1353 1854 verborum
1373 1829 1589 1863 praetereatur,
1614 1832 1669 1856 aut
1691 1833 1857 1867 praeposte-

1012 1875 1077 1895 rwn
1094 1867 1228 1905 dicatur,
1253 1867 1290 1896 de
1299 1867 1412 1904 scripae'o
1424 1869 1535 1905 proeire
1548 1869 1691 1908 aliquem,
1708 1892 1716 1899 .
1746 1895 1753 1901 .
1775 1894 1784 1901 .
1813 1895 1820 1901 .
1842 1894 1852 1904 .

1011 1909 1155 1939 memori&
1170 1909 1298 1950 insigni,
1321 1910 1440 1948 quoties
1448 1911 1588 1950 precatio
1612 1914 1771 1949 erraverit,
1796 1917 1856 1947 &c.

1010 1961 1082 1990 quae
1099 1952 1219 1982 ibidem
1237 1954 1318 1993 lege.

1054 1996 1130 2026 391.
1156 1996 1276 2034 Aperta
1287 1995 1407 2034 palluit
1420 1996 1520 2038 agna.
1538 1998 1631 2029 Dum
1648 2001 1856 2034 consuleren-

1011 2044 1063 2068 tur
1080 2044 1155 2068 exta
1171 2040 1324 2076 victime,
1349 2040 1366 2069 ὲ
1393 2050 1535 2080 quorum
1554 2043 1619 2072 situ
1637 2045 1664 2073 ἃς
1678 2048 1762 2074 statu
1775 2045 1856 2076 divi·

1013 2082 1131 2111 nabant
1148 2083 1257 2112 futura
1271 2084 1470 2119 Sacerdotes,
1495 2086 1612 2115 mulier
1628 2088 1727 2117 anxia
1742 2089 1857 2127 expaL

1009 2125 1160 2163 lese-abar,
1186 2136 1227 2156 ne
1244 2126 1323 2165 quid
1339 2127 1452 2157 sinistri
1476 2129 1720 2166 portenderetur
1736 2133 1856 2163 amasio

1010 2177 1084 2207 suo,
1109 2179 1166 2208 pro
1183 2179 1248 2209 quo
1267 2171 1358 2200 Sacra
1383 2171 1530 2209 faciebat,
1553 2182 1590 2201 ac
1607 2172 1693 2204 Deo<
1718 2175 1857 2206 interro-

1009 2212 1114 2251 gabat.
1160 2212 1243 2243 Plin.
1262 2214 1333 2244 loeo
1350 2224 1431 2244 mox
1447 2215 1554 2253 citato,
1570 2215 1620 2246 Sic
1633 2226 1731 2256 repent
1742 2217 1757 2246 ἑ
1774 2219 1856 2248 entis
1904 2249 1910 2254 Ι

1008 2255 1104 2284 adimi
1129 2256 1247 2294 capita,
1271 2257 1319 2286 vel
1340 2258 1444 2294 corda,
1460 2263 1513 2288 aut
1535 2260 1699 2298 geminari,
1728 2260 1856 2292 victima

1006 2301 1122 2337 stante,
1144 2300 1209 2329 visa
1223 2304 1302 2330 sunt.
1351 2301 1453 2340 Apud
1470 2301 1537 2331 Liv.
1590 2301 1693 2341 Caput
1707 2303 1858 2342 jecinoris

1009 2342 1196 2378 a'familiari
1206 2348 1299 2382 parte
1322 2343 1344 2377 ‚s
1346 2343 1379 2372 id
1393 2349 1437 2374 est
1452 2345 1614 2383 interiori)
1637 2356 1745 2376 caesum
1766 2357 1854 2378 arus-

1006 2394 1068 2423 peoe
1084 2385 1227 2415 ostendit.
1268 2386 1336 2417 Cic.
1361 2391 1384 2416 1.
1408 2388 1448 2417 de
1462 2387 1571 2417 Divin.
1588 2398 1646 2426 cap
1679 2390 1728 2420 16.
1771 2390 1856 2424 Quid

1000 2427 1111 2464 fissum
1136 2430 1168 2459 in
1195 2430 1284 2468 extis,
1309 2430 1384 2469 quid
1399 2431 1484 2468 fibra
1502 2430 1603 2460 valeat
1616 2432 1753 2471 accipio.-
1787 2444 1854 2474 quoe

1010 2481 1102 2501 causa
1118 2473 1171 2511 sit,
1196 2473 1305 2503 nescio.
1350 2474 1454 2512 Atque
1481 2472 1583 2503 horum
1602 2476 1698 2513 plena
1712 2477 1780 2507 vita
1795 2482 1851 2509 est.

1012 2514 1106 2545 Extis
1120 2517 1199 2545 enim
1216 2527 1315 2546 omnes
1326 2516 1397 2554 fere
1414 2521 1550 2546 utuntur.
1597 2518 1639 2548 Et
1653 2520 1707 2549 lib.
1720 2521 1752 2551 2.
1780 2531 1853 2561 cap.

1012 2558 1066 2588 29.
1114 2559 1150 2589 Si
1164 2563 1207 2588 est
1222 2559 1253 2588 in
1269 2560 1349 2589 eoetis
1364 2560 1467 2597 aliqua
1485 2559 1541 2596 ris,
1565 2570 1631 2599 quoe
1646 2562 1854 2602 declaretfu-

1013 2606 1084 2631 tura
1129 2625 1138 2632 .
1241 2625 1249 2632 .
1301 2627 1305 2631 .
1348 2602 1618 2642 gallinaceum-fel
1655 2625 1854 2640 .....

1016 2643 1110 2674 'Brun'
1136 2646 1242 2685 optimi
1262 2647 1367 2684 jecur,
1400 2651 1456 2676 aut
1483 2656 1546 2685 cor,
1568 2652 1624 2677 aut
1647 2651 1751 2688 pulmo
1776 2651 1855 2690 quid

1012 2686 1102 2717 habet
1119 2691 1272 2726 naturale,
1295 2699 1334 2727 qu
1355 2690 1375 2717 d
1397 2690 1553 2719 declarare
1571 2692 1682 2730 possit,
1706 2693 1852 2732 quidsu-

1011 2735 1111 2761 tarum
1135 2732 1205 2761 sit!
1241 2733 1299 2761 διε.
1325 2735 1353 2762 bt
1385 2742 1455 2770 cap.
1488 2734 1539 2763 32.
1579 2733 1682 2773 Caput
1703 2737 1855 2774 jecinoris

1010 2774 1242 2815 diligentissime
1258 2775 1448 2806 considerant
1460 2788 1473 2811 ;
1499 2776 1527 2806 si
1540 2778 1608 2807 vero
1623 2779 1657 2808 id
1669 2788 1729 2808 non
1745 2784 1791 2810 est
1805 2780 1851 2809 in-

1009 2822 1144 2855 ventum,
1172 2817 1249 2846 nihil
1265 2822 1383 2857 putant
1396 2830 1437 2849 uc
1452 2820 1533 2850 ia'ere
1556 2822 1694 2859 potuisse
1720 2822 1852 2862 tristius,

1011 2861 1070 2890 (xc.
1118 2861 1203 2890 Vide
1219 2862 1319 2891 Alex.
1335 2863 1374 2891 ab
1390 2863 1454 2892 Ale
1507 2864 1561 2894 lib.
1579 2866 1597 2894 5
1623 2875 1692 2903 cap.
1709 2866 1763 2896 25.

1056 2904 1130 2934 392.
1153 2905 1372 2943 Antiquissime
1398 2905 1529 2944 Divum]
1562 2907 1670 2939 Janus
1697 2909 1730 2938 in
1760 2908 1853 2940 Italia.

1013 2952 1088 2976 ante
1104 2948 1284 2978 Saturnum
1302 2951 1456 2989 regnavit,
1478 2959 1624 2990 eumque
1639 2956 1800 2982 extorrem
1821 2953 1853 2984 <Sc

1015 2999 1113 3029 regno
1130 2991 1260 3029 pulsum
1278 2995 1419 3033 excepit.

1060 3034 1134 3063 393.
1157 3034 1239 3064 Jane
1259 3036 1366 3075 pater]
1391 3036 1534 3068 Macrob.
1553 3037 1712 3068 Saturnal.
1739 3037 1797 3068 lib.
1824 3039 1856 3069 1.

1017 3086 1088 3119 cap.
1117 3077 1148 3111 9.
1191 3077 1234 3111 In
1259 3077 1379 3122 Sacris,
1398 3079 1518 3122 inquit,
1541 3080 1714 3115 invocamus
1740 3081 1859 3114 Janum
