1948 3281
94 56 147 108 Ἠ

622 59 649 102 J
653 58 953 103 UVENALIS
990 56 1202 104 SATIRA
1232 58 1290 104 V.

102 175 190 204 quam
202 163 328 196 extitere
341 174 409 205 opes
420 164 467 195 vet
480 161 607 195 Hostilii·
621 151 760 206 Quam
782 150 857 190 fuit
882 151 921 191 δι
935 150 1042 191 Tulli
1066 165 1209 191 census
1232 148 1441 206 pugnacis,
1465 149 1505 192 ὅτ,
1524 147 1660 191 Anci:

103 207 270 246 bellatoris,
292 210 338 238 vel
351 208 483 238 Martii.-
507 218 554 245 αθ,
571 218 606 238 ⁷12
623 208 690 256 Et,
708 221 757 246 ne
779 216 815 247 te
837 216 1009 257 teneam,
1033 208 1309 248 Romanorum
1332 206 1468 247 omnia
1486 221 1625 261 regum

104 255 135 280 ie
159 260 266 288 morer,
289 252 387 289 quarn
404 254 510 280 cuncta
535 252 606 279 vilia
624 263 778 302 Frivola

105 292 222 332 Regum
259 293 467 322 Romanorum.
536 291 608 324 Qua»
783 292 792 302 ⁸

824 264 948 319 Quod
964 262 1057 303 cnm
1075 263 1129 303 ita
1146 263 1211 312 sit,
1227 274 1268 302 tu
1285 263 1494 303 Gaetulum
1511 260 1791 317 Ganymedem

106 336 244 372 quoniam
256 336 299 364 sic
313 346 343 364 se
356 336 474 371 habent,
488 336 608 373 quando
625 318 807 372 RCSplCC,
831 320 926 359 Cflm
946 318 1053 359 SitiGS
1073 334 1083 358 Ξ

1120 319 1250 359 nescit
1270 329 1329 359 tot
1346 318 1522 359 millibus
1536 327 1696 373 emptus
1735 317 1792 358 60

109 381 138 406 ‘e
152 378 214 406 siti»
228 379 413 415 nret‚0culos
428 381 562 407 converte
576 377 607 405 2'72
628 374 866 428 Pauperibus
889 376 1054 416 miscere
1077 390 1172 427 puer
1191 391 1199 415 :
1241 378 1308 414 sed
1330 375 1472 425 forma,
1496 376 1561 416 sed
1584 385 1679 416 aetas

110 419 307 459 Ganymedem
317 420 474 449 Gaetulum.
497 419 606 448 Enim-

109 463 185 491 vero
197 472 296 491 servus
310 466 353 491 tot
374 462 502 490 millibus
513 471 608 491 num-

623 430 759 485 Digna
779 431 1005 484 supercilio.

1065 432 1241 487 Quando
1263 432 1308 471 ad
1328 441 1365 471 te
1386 432 1559 485 pervenit
1582 432 1676 472 ille?

110 513 234 534 morum
253 508 439 542 comparatus
454 514 511 532 non
528 504 608 532 norit
622 487 798 542 Quando
822 498 986 527 vocatus
1004 477 1112 528 adest
1134 488 1288 536 calidae,
1308 488 1528 543 gelidaeque
1547 487 1759 529 minister?

108 547 211 586 egenis
236 556 347 585 porum
374 550 551 583 temperare:
575 549 608 573 αἱ
623 543 786 599 Quippe
801 543 1033 599 indignatur
1053 544 1172 584 veteri
1198 558 1328 598 parere
1345 544 1510 595 clienti3

105 588 309 627 pulchritudo,
331 592 364 616 at
379 589 430 617 illa
445 591 518 616 celas
530 587 606 623 sas·
626 586 633 597 ‘

1738 544 1795 584 64

109 635 173 660 tum
197 634 355 660 merentur.
399 629 565 668 Ecquando
581 629 606 659 is
616 630 658 660 ad
673 634 702 659 te
717 630 832 660 accedit
846 631 861 660 ‚²
888 630 1085 663 Qaamlonam
1099 632 1213 661 accitus
1234 635 1343 670 praesto
1367 635 1412 662 est
1431 633 1614 663 ministrator
1640 632 1746 671 tepidae
1769 633 1793 671 ξ

101 673 243 713 frigidas.

154 804 204 831 57.
232 802 332 840 Tulli]
359 802 463 833 Tullus
478 803 633 833 Hostilius
651 803 719 833 Rex
736 803 844 833 tertius
869 804 929 834 Ro-

114 854 282 874 manorum
295 845 436 876 Censum
464 846 599 875 instituit
617 846 748 883 primus,
772 853 849 876 teste
866 846 930 877 Eu-

114 887 237 925 tropio,
260 888 336 917 item
353 889 460 918 sellam
486 888 643 924 curulem,
665 889 801 926 lictores,
825 895 930 928 togam

114 929 244 968 pictam,
266 935 363 969 atque
391 936 588 969 praetextam,
615 931 748 969 insignia
775 932 932 969 magistra-

115 977 209 1001 tuum
237 973 454 1003 Romanorum
478 978 547 1011 post
563 972 733 1002 debellatos
749 974 931 1005 Hetruscos.

116 1013 258 1044 IMacrob.
272 1016 395 1044 Saturn.
412 1018 439 1045 1.
463 1025 520 1053 cap
549 1016 578 1045 6.

158 1055 290 1096 Census]
320 1057 418 1095 Opes,
442 1057 566 1094 divitiae,
590 1058 762 1088 facultates.

157 1098 327 1139 Pugnacis]
350 1101 465 1129 Tullus
487 1101 572 1129 enirn
599 1101 765 1131 militarem
794 1103 932 1142 discipli-

116 1151 205 1177 nam,
228 1149 392 1180 artemque
418 1142 555 1172 bellandi
582 1143 742 1181 condidit,
766 1148 862 1183 atque
877 1156 933 1175 ex-

115 1185 211 1214 ercita
247 1185 420 1221 juventute
455 1194 621 1223 provocare
654 1195 747 1215 ausus
781 1188 933 1226 Albanos,

115 1236 241 1265 gravem
280 1227 309 1255 δι
347 1227 400 1255 diu
437 1228 611 1265 principem
648 1229 827 1266 populum:
865 1237 933 1260 tan-

115 1269 257 1307 demque
280 1269 372 1298 hoste
390 1268 493 1307 ¹victo,
519 1270 635 1299 Albam
659 1270 766 1308 diruit,
793 1273 860 1309 ejus
882 1274 932 1302 in-

116 1311 193 1341 colis
219 1316 317 1350 atque
345 1311 461 1350 opibus
488 1311 623 1342 Romam
654 1314 817 1345 translatis.
848 1316 930 1346 Flor.

115 1364 184 1392 cap.
199 1354 233 1382 3.

157 1395 252 1434 Anci]
274 1395 377 1426 Ancus
402 1397 534 1427 Martius
561 1402 692 1436 quartus
717 1400 931 1430 Romanorum

117 1438 199 1477 Rex,
224 1438 352 1468 Latinos
369 1440 506 1479 subegit,
532 1440 708 1471 Romanam
725 1442 879 1472 ditionem
895 1443 932 1473 ad

117 1490 204 1511 mare
229 1481 371 1519 protulit,
394 1488 491 1521 atque
513 1482 634 1513 Ostiam
665 1484 775 1514 urbem
805 1486 837 1514 in
866 1487 934 1524 ipso

117 1524 212 1554 maris
227 1533 262 1553 ac
277 1523 409 1561 Tyberts
420 1525 559 1555 confinio
575 1526 746 1556 aedificavit.
780 1527 846 1558 Tit.
863 1529 933 1559 Liv.

118 1566 173 1597 lib.
191 1567 218 1595 1.

163 1608 214 1637 58.
236 1608 435 1639 Romanorum
450 1611 549 1641 omnia
563 1609 697 1653 Regum]
714 1612 857 1644 Numero
869 1624 938 1653 sep·

120 1655 203 1688 tem,
225 1661 365 1690 quorum
380 1654 503 1692 exiguae
518 1665 593 1693 opes
609 1655 698 1684 initio
714 1655 810 1686 fuere.

166 1695 218 1724 59.
254 1694 393 1733 Frivola]
430 1695 532 1726 Nihili
568 1698 708 1735 putanda
738 1707 798 1736 prae
825 1699 939 1729 divitiis

122 1734 215 1766 Rom.
241 1737 422 1776 principum
447 1739 628 1776 hodiernis3
651 1750 687 1770 ac
712 1751 773 1779 prae
800 1741 836 1770 ea
852 1751 939 1771 sum·

122 1778 188 1815 nia,
210 1778 275 1817 qua
288 1784 416 1818 emptus
433 1788 478 1810 est
493 1782 545 1811 ille
561 1782 697 1812 Asianus
714 1792 803 1821 puer.

166 1820 315 1850 Goetulum
349 1821 566 1864 Ganymedem]
612 1825 784 1855 Dissimilia
827 1827 939 1865 passim

119 1864 237 1902 jungit.
285 1863 404 1894 Ironice
421 1867 474 1895 hic
494 1867 675 1897 admodum.
721 1868 793 1898 Scil.
814 1869 942 1899 Getulus

123 1906 177 1936 ille
189 1905 307 1943 susem,
330 1907 490 1947 deformis,
514 1919 639 1938 servus:
664 1910 682 1939 ὲ
706 1916 815 1941 contra
838 1912 940 1951 Gany-

123 1948 222 1978 medes
247 1950 348 1988 regius
379 1960 469 1989 puer,
493 1951 584 1981 Trois
609 1951 703 1988 filius,
726 1954 887 1991 candidus,
912 1956 940 1983 δε

126 1996 190 2020 tam
214 1992 350 2030 eleganti
365 1994 483 2032 specie,
506 2000 542 2023 ut.
557 1994 667 2023 aJove
688 2000 793 2033 raptus
809 1996 941 2033 dicatur,

125 2034 154 2062 δε
170 2033 229 2062 sibi
247 2034 405 2072 pocillator
419 2043 610 2073 assumptus.
668 2037 710 2066 Et
725 2038 792 2067 liaec
811 2039 940 2075 quidem

123 2073 311 2105 fabulatores
323 2075 362 2105 de
379 2077 563 2116 Ganymede,
584 2078 638 2108 sed
654 2079 730 2118 quid
752 2080 791 2109 de
815 2090 852 2110 eo
868 2090 938 2109 sen·

126 2117 183 2146 tire
199 2117 335 2148 debeant
358 2120 531 2157 sapientes:
556 2120 700 2160 quidque
724 2128 831 2161 raptus
858 2123 941 2152 illius

125 2158 288 2198 significet,
312 2161 447 2191 ostendit
471 2163 537 2192 Cic.
568 2166 594 2193 1.
620 2162 751 2194 Tuscul.
780 2175 813 2194 n.
832 2165 884 2194 65.
911 2167 939 2196 δι

124 2201 254 2232 Tuscul.
271 2205 300 2231 4.
324 2205 420 2234 n.71.
445 2206 473 2234 ἆ
488 2214 551 2244 seq.

168 2243 219 2273 60.
231 2245 371 2284 Respice]
382 2246 524 2277 Innuens
541 2253 574 2278 ut
588 2250 697 2280 vinum
715 2251 773 2280 tibi
789 2249 941 2281 affundat.

165 2286 290 2328 Nescit]
312 2290 386 2319 Non
400 2292 548 2328 assuevit,
573 2293 763 2331 indignatur.

169 2330 220 2359 61.
243 2330 390 2370 Miscere]
427 2331 576 2364 Coenanti
602 2336 788 2372 ministrare,
813 2337 942 2366 miscere

127 2373 304 2411 potionem,
327 2384 362 2403 ac
379 2374 545 2406 infundere
561 2379 711 2415 poscenti.
756 2378 848 2407 Porro
861 2386 940 2409 tem-

126 2415 254 2451 perandi
281 2417 347 2446 vini
374 2418 526 2447 rationem
553 2420 657 2457 ipsum
684 2420 827 2450 docuisse
860 2421 940 2451 Bac-

128 2455 238 2494 chum,
260 2458 463 2498 dilutumque
478 2461 603 2498 bibisse,
625 2472 660 2491 ac
682 2463 726 2492 sic
740 2463 879 2493 mixtum
896 2465 942 2494 bi-

126 2496 236 2545 bentes
251 2508 348 2531 rectos
372 2503 549 2533 ambulasse
572 2505 730 2543 homines,
754 2505 827 2534 cum
850 2508 944 2536 antea

125 2548 215 2588 curvi
243 2542 425 2574 incederent
449 2546 489 2574 ob
515 2548 594 2576 meri
625 2555 757 2586 potum:
783 2549 810 2577 δε
828 2548 944 2579 Bacchi

126 2586 263 2610 nutrlces
289 2585 453 2625 Nymphas
482 2589 632 2627 extitisse,
666 2590 803 2629 ideoque
832 2591 942 2621 vinum

127 2626 381 2665 temperandum,
406 2630 433 2657 δε
463 2631 522 2660 alia
551 2632 696 2670 quaedam
723 2633 816 2662 habet
837 2633 941 2663 Athe-

124 2674 213 2694 naeus
228 2666 281 2695 lib.
298 2669 327 2697 2.
351 2679 418 2707 cap.
436 2672 467 2701 2.

167 2708 355 2747 Sedjbrma,
376 2712 429 2739 sed
440 2717 512 2742 aetas
526 2715 618 2755 (ligna
640 2718 811 2756 supercilio]
847 2717 940 2748 Tole-

123 2755 210 2822 hatur
224 2752 366 2790 superbia
383 2754 416 2782 in
432 2754 585 2795 formosis,
608 2760 641 2788 in
657 2762 754 2790 aetatis
767 2762 937 2800 praesertim

149 2803 211 2822 ore.

164 2835 269 2874 AEtas]
290 2838 463 2875 Juventm,
479 2848 534 2876 per
548 2846 811 2875 antonomasiam.

165 2878 215 2908 62.
250 2880 426 2918 Supercibo]
462 2880 536 2910 Haec
548 2884 624 2912 enim
641 2886 842 2925 vulgdfastui
857 2890 879 2925 ξς
893 2898 940 2917 m-

114 2921 226 2958 perln'oe
240 2923 321 2951 sedes
333 2924 520 2963 assignatur,
543 2934 712 2964 quanquam
725 2930 756 2957 in
772 2931 858 2959 corde
873 2940 942 2959 nas·

119 2962 208 3000 citur,
232 2965 338 3002 inquit
353 2966 432 2995 Plin.
456 2965 509 2995 lib.
531 2968 580 2996 11.
602 2971 733 3006 cau-37.

162 3005 211 3036 63.
233 3006 361 3047 Calidae]
388 3007 428 3039 In
440 3007 646 3048 quibusdam,
663 3010 778 3044 Caldae.
801 3013 941 3045 Martial.

974 814 1043 835 non
1074 807 1174 836 semel
1201 806 1319 835 caldam
1346 806 1430 837 dicit.
1475 805 1554 836 Vide
1590 805 1668 836 infra
1703 814 1793 836 mox.

975 847 1087 880 Quint.
1118 850 1170 878 lib.
1209 852 1234 878 1.
1270 859 1339 887 cap.
1367 849 1396 878 6.
1435 848 1602 888 Augustus,
1627 849 1741 887 inquit,
1762 850 1795 878 iiz

975 891 1107 928 epistolis
1121 893 1165 920 ad
1181 892 1215 921 C.
1234 891 1378 920 Caesarem
1401 892 1533 929 scriptis,
1558 892 1693 920 enunciat
1717 891 1796 929 quad

975 933 999 960 is
1014 933 1141 962 calidum
1157 936 1264 971 dicere,
1281 945 1368 971 quam
1384 935 1500 963 caldum
1518 933 1628 967 malit,·
1651 943 1708 962 non
1723 933 1796 972 quia

975 974 1054 1004 illud
1068 986 1126 1004 non
1141 977 1180 1005 sit
1195 976 1350 1014 Latinum,
1372 977 1423 1005 sed
1445 976 1514 1014 qvia
1529 976 1568 1004 sit
1582 976 1712 1005 odiosum
1723 987 1738 1012 ,·
1758 985 1796 1006 ac

975 1018 1129 1057 πάρεργον.

1021 1061 1137 1090 Calidae
1145 1061 1311 1101 gelidaeque
1322 1059 1472 1101 minister]
1497 1061 1619 1095 Frigida
1630 1062 1749 1100 gavisos
1763 1062 1796 1092 in

976 1105 1126 1133 conviviis
1154 1105 1216 1133 suis
1242 1111 1362 1133 veteres
1390 1113 1484 1133 nemo
1511 1103 1654 1141 dubitat,
1678 1111 1709 1132 at
1724 1104 1797 1133 cali-

976 1146 1048 1175 dam
1079 1155 1144 1175 non
1175 1147 1300 1176 tantum
1329 1147 1486 1182 usitatam,
1511 1146 1563 1175 sed
1588 1146 1614 1175 Se
1634 1146 1664 1174 in
1679 1145 1796 1175 deliciis

976 1187 1083 1226 fuisse,
1105 1189 1213 1218 multis
1229 1189 1339 1226 probat
1353 1189 1437 1218 Just.
1454 1188 1580 1227 Lipsius
1599 1195 1706 1217 contra
1727 1198 1796 1218 nes-

978 1231 1166 1269 cio'quem,
1199 1238 1234 1261 ut
1260 1232 1313 1269 ait,
1337 1240 1536 1270 pugnacem·,
1573 1230 1616 1259 lib
1658 1231 1736 1260 nim.
1769 1233 1797 1260 1.

977 1273 1078 1303 Elect.
1095 1283 1163 1312 cap.
1179 1275 1207 1303 4.
1253 1273 1416 1303 Evincunt
1429 1273 1511 1302 certe
1524 1274 1689 1302 innumera
1701 1274 1795 1311 scrip·

978 1320 1083 1345 torum
1110 1317 1300 1346 testimonia.
1346 1316 1446 1345 Instar
1468 1316 1600 1345 aliorum
1617 1315 1680 1344 sint
1696 1325 1796 1354 pauca

976 1357 1053 1388 haec.
1102 1359 1200 1396 Apud
1213 1360 1409 1388 Athenaeum
1435 1358 1476 1387 lib
1501 1359 1529 1387 2.
1559 1367 1628 1395 cap.
1646 1358 1677 1386 2.
1722 1357 1797 1387 Tri-

978 1401 1074 1437 podes
1098 1401 1159 1438 alii>
1179 1401 1279 1440 ἄπυροι
1303 1401 1424 1440 pridem
1442 1401 1645 1436 vocabantur,
1670 1401 1701 1429 in
1725 1401 1796 1439 qui-

977 1442 1036 1472 bus
1057 1444 1168 1473 vinum
1193 1444 1443 1482 temperabatur,
1473 1444 1526 1473 alii
1548 1439 1742 1482 έμπυριςῆται
1766 1444 1796 1472 &

977 1484 1152 1526 λοετξοχόοι,
1175 1488 1207 1516 in
1232 1487 1346 1525 quibus
1369 1486 1528 1516 calefiebat
1554 1495 1645 1524 aqua.
1688 1486 1739 1514 Ac
1754 1494 1797 1514 ne

978 1530 1050 1567 quis
1075 1528 1152 1559 forte
1168 1530 1206 1559 de
1221 1529 1303 1568 aqua
1332 1529 1439 1558 loturis
1462 1528 1656 1557 affundenda
1681 1528 1798 1557 intelli-

978 1578 1052 1610 gat3
1089 1572 1120 1600 in
1148 1572 1210 1601 fine
1238 1582 1305 1610 cap.
1336 1571 1366 1601 6.
1397 1572 1451 1608 ait,
1491 1572 1579 1600 bonae
1609 1570 1796 1600 valetudinis

980 1614 1075 1643 causa
1091 1615 1259 1644 bibendam
1274 1624 1347 1643 vere
1373 1621 1471 1652 atque
1487 1614 1603 1651 hyeme
1618 1613 1797 1644 calidiorem

981 1665 1110 1694 aquam,
1144 1663 1249 1687 aestate
1277 1658 1350 1686 vero
1380 1656 1546 1696 frigidam3
1578 1656 1798 1695 rationemque

982 1698 1058 1728 ibid.
1084 1700 1257 1739 subjungit.
1285 1700 1339 1729 lib.
1369 1700 1400 1728 3.
1423 1709 1490 1738 cap.
1523 1699 1552 1729 6.
1576 1698 1740 1736 expendit,
1755 1708 1798 1728 an

982 1748 1053 1779 post
1068 1742 1143 1771 ficus
1159 1752 1240 1780 aqua
1255 1742 1390 1771 bibenda
1414 1742 1453 1771 sit
1478 1741 1589 1778 calida,
1614 1750 1654 1770 an
1677 1740 1797 1780 frigida.

983 1784 1061 1822 Cap.
1080 1785 1152 1813 vero
1173 1786 1226 1822 34,
1248 1786 1276 1814 δε
1302 1786 1355 1822 35,
1378 1785 1517 1822 ejusdem
1544 1783 1655 1813 libris.
1687 1783 1725 1812 de
1742 1793 1797 1821 po-

984 1827 1072 1856 tione
1098 1827 1197 1856 calida
1223 1828 1345 1865 copiose
1375 1827 1502 1856 disserit.
1545 1826 1654 1856 Julius
1680 1825 1798 1856 Pollux

983 1869 1038 1898 lib.
1052 1870 1082 1899 9.
1099 1879 1166 1908 cap¹
1183 1870 1214 1899 6.
1238 1876 1307 1908 post
1323 1871 1434 1906 rejecta
1449 1869 1537 1898 dubii
1551 1867 1659 1898 sensus
1674 1868 1796 1906 aliquot

984 1911 1130 1949 Homeri,
1160 1913 1187 1941 δι
1218 1912 1437 1950 Aristophanis
1460 1911 1539 1948 loca,
1566 1910 1625 1940 alia
1650 1910 1797 1949 quaedam

984 1953 1073 1983 affert
1110 1955 1304 1992 potationem
1352 1954 1442 1983 calidi
1501 1953 1584 1983 certo
1621 1953 1797 1991 arguentia.

983 1995 1083 2025 Varro
1111 1996 1234 2026 calicem
1265 1997 1282 2025 a
1311 1996 1397 2026 caldo
1420 1996 1541 2026 dictum
1567 1995 1620 2025 ait.
1665 1994 1796 2025 Plautus

983 2039 1097 2076 passim
1113 2039 1332 2077 Thermopolii
1344 2039 1504 2076 meminit,
1518 2038 1546 2067 id
1563 2045 1620 2074 est,
1630 2046 1797 2077 cauponae,

983 2081 1016 2109 in
1047 2091 1111 2119 qua
1138 2082 1333 2112 vendebatur
1363 2091 1447 2119 aqua
1476 2087 1587 2119 tepens
1622 2081 1650 2109 δε
1688 2080 1794 2111 calida.

983 2122 1092 2152 Errare
1122 2125 1209 2154 enim
1238 2125 1289 2154 hic
1319 2124 1506 2153 Turnebum
1534 2123 1674 2161 aliosque
1703 2122 1798 2152 inter·

982 2170 1096 2203 pretes‚
1135 2167 1254 2206 egregie
1290 2172 1400 2197 monet
1428 2167 1553 2204 Lipsius
1590 2165 1657 2194 loco
1692 2164 1798 2203 citato,

983 2207 1061 2237 dum
1078 2209 1238 2247 potionem
1257 2210 1298 2239 ibi
1314 2209 1419 2239 nescio
1434 2218 1532 2248 quam
1547 2208 1672 2236 dulcem
1690 2207 1717 2235 δε
1732 2212 1798 2237 arte

984 2249 1099 2280 factam
1128 2252 1421 2282 comminiscuntur.
1481 2248 1650 2280 Manifesta
1680 2258 1724 2278 res
1754 2259 1798 2281 ex

983 2292 1168 2332 Ammiano,
1189 2295 1242 2324 lib.
1257 2295 1309 2324 28.
1332 2294 1387 2324 ubi
1403 2294 1568 2333 Ampelius
1587 2292 1668 2320 urbis
1685 2297 1798 2330 rector,

984 2336 1118 2373 cupidus
1145 2338 1210 2375 ipse
1240 2338 1452 2375 voluptatum,
1480 2337 1568 2364 laetus
1593 2334 1678 2370 alias,
1703 2333 1798 2363 inter-

984 2377 1061 2407 dum
1079 2380 1107 2408 ἃ
1120 2380 1247 2418 rigidus,
1270 2380 1460 2409 irritamenta
1476 2378 1556 2416 gulae
1570 2376 1723 2415 corrigens
1737 2380 1798 2405 sta-

986 2421 1047 2450 tuit
1067 2431 1108 2450 ne
1130 2422 1257 2451 taberna
1282 2422 1400 2451 vinaria
1421 2427 1494 2450 ante
1517 2420 1627 2448 horam
1655 2423 1797 2455 quartam

984 2464 1166 2502 aperiretur,
1191 2474 1272 2493 neve
1294 2473 1410 2502 aquam
1426 2463 1603 2502 vulgarium
1616 2459 1799 2489 calefaceret

985 2506 1171 2544 quisquam:
1207 2507 1265 2536 dcc.
1322 2506 1447 2535 Cornel.
1473 2504 1572 2534 Tacit.
1601 2502 1720 2532 Annal.
1747 2503 1798 2532 13.

984 2549 1155 2585 praecalidae
1172 2549 1307 2587 potionis
1323 2548 1504 2578 Britannico
1528 2546 1637 2574 oblatae
1660 2545 1695 2574 fit
1708 2553 1797 2574 men-

985 2591 1038 2619 tio.
1086 2590 1163 2622 Plin.
1188 2592 1243 2621 lib.
1263 2594 1292 2622 7.
1315 2601 1383 2629 cap.
1401 2592 1451 2619 53.
1473 2588 1606 2618 calidam
1632 2588 1797 2627 potionem

984 2643 1019 2662 ac
1033 2638 1249 2671 tepescentem
1262 2633 1373 2663 diserte
1387 2633 1539 2662 nominat.

983 2675 1118 2705 Martial.
1135 2676 1259 2706 Caldam
1271 2675 1371 2714 poscis
1384 2684 1503 2713 aquam,
1521 2675 1548 2703 8:
1565 2672 1693 2711 tepuisse
1703 2673 1802 2709 calix,

981 2718 1033 2747 ait.
1061 2717 1156 2748 Libro
1171 2719 1243 2748 vero
1260 2720 1317 2748 ult.
1362 2717 1520 2755 Epigram.
1542 2717 1613 2745 105.

1065 2759 1194 2801 Frigida
1219 2771 1277 2790 non
1307 2760 1393 2797 desit,
1423 2767 1480 2788 non
1506 2758 1600 2788 deerit
1629 2759 1719 2788 calda
1746 2768 1800 2799 pe-

1109 2809 1193 2833 tentz.

1029 2846 1078 2876 64.
1094 2845 1294 2886 Indignatur]
1317 2845 1470 2881 Irascitur,
1486 2845 1648 2882 detrectat,
1662 2844 1717 2873 vix
1732 2852 1798 2873 sus-

987 2889 1077 2925 tinet,
1092 2889 1219 2928 refugit,
1234 2893 1425 2926 aspernatur.

1032 2929 1145 2971 Vetei·2']
1169 2932 1230 2960 Seu
1248 2930 1333 2968 quod
1349 2935 1453 2958 vetera
1469 2930 1587 2968 quaevis
1601 2929 1798 2966 evilescunt3

984 2982 1041 3002 seu
1054 2973 1140 3011 quod
1157 2982 1245 3002 senes
1261 2980 1296 3001 ut
1309 2972 1493 3010 plurimum,
1516 2972 1687 3012 praesertim
1702 2969 1797 3001 horti·-

983 3015 1050 3044 duli
1065 3015 1198 3046 ludibrio
1213 3021 1288 3045 sunt
1295 3014 1476 3051 jttvenibus.
