1948 3281
91 97 174 136 326

685 95 872 137 PERSII
903 91 1120 135 SATIRA
1148 92 1206 135 V.

92 185 190 223 efficia
207 186 241 214 in
256 185 385 223 rehu-225
408 186 520 215 ‘fimare
541 196 596 225 Ρο-
611 184 772 235 Officia,
796 194 915 239 atque
936 197 1056 224 usum
1081 180 1229 236 rapidae
1250 178 1478 235 permittere
1498 178 1611 222 vitae.

92 231 233 256 testatem
250 229 318 257 vir-'ce
328 229 504 267 praecipitis.
539 228 598 257 Ca-

94 269 170 299 culae
189 271 456 309 procerofirciifus
486 282 599 300 accom-

94 313 227 342 m'vdahz's
243 313 400 343 citharam.

612 241 857 283 Sambucam
882 240 1002 280 citius
1025 238 1159 280 caloni
1180 235 1373 292 aptaveris
1396 236 1491 277 alto.

447 313 540 342 Ratio
557 324 598 342 γε,
614 300 702 339 Stat
723 298 867 338 contra
888 296 1002 347 ratio,
1030 296 1069 336 Sc
1090 304 1282 335 secretam
1305 292 1425 349 garrit
1445 292 1486 333 in
1508 307 1662 342 aurem,

1740 234 1794 274 95

87 359 224 394 pugnat,
251 357 272 392 ‘S'
296 356 374 385 elsim
390 357 420 384 z'n
437 366 535 384 aurem
552 355 598 384 in·
615 356 706 396 Nee
727 355 847 395 liceat
865 354 994 394 facere
1010 352 1066 405 ld,
1088 351 1198 408 quod
1222 350 1314 407 quis
1335 349 1490 392 Vltlablt
1510 349 1684 407 agendo-

95 403 245 434 susurrat,
274 403 306 427 uc
336 398 452 428 licitum
479 408 534 426 non
563 397 603 426 sit

95 449 187 480 agere
204 441 291 478 illud,
307 442 388 480 quod
391 441 541 478 jaciendo
557 439 705 479 quispiam
719 442 896 478 corrumpet.

97 669 155 689 non
184 658 327 697 cujusque
349 660 392 685 est
415 655 548 686 invenire
573 659 706 685 centrum
730 655 849 694 circuli,
879 657 933 686 sed

98 703 217 732 tannim
235 702 416 729 Geometroe:
440 699 483 726 sic
499 709 552 728 nec
563 699 681 737 assequi
694 699 813 729 virtutis
824 699 932 729 medio-

99 745 252 779 critatem,
268 753 320 771 nec
336 742 375 770 ad
390 751 455 770 eam
470 742 647 781 pertingere
665 745 777 780 potest,
800 742 859 771 nisi
881 752 933 771 sa-

95 787 184 826 piens
197 798 205 814 .·
232 785 358 815 Deinde
376 794 430 822 per
445 784 584 823 singulas
602 794 718 822 rerum,
736 790 933 823 temporum,

100 837 305 869 personarum
339 827 542 864 differentias,
580 826 686 856 videre
716 827 790 865 quid
819 828 934 866 deceat,

100 873 174 910 quid
190 881 259 907 non,
278 876 313 899 ut
327 871 370 899 ait
388 870 539 898 Horatius
551 870 590 899 ad
608 870 748 907 Pisones,
762 870 935 906 dijudicare

100 914 248 953 specialia
262 914 319 942 viri
331 913 407 942 boni
420 911 533 950 officia,
547 913 581 942 in
591 913 640 941 his
651 913 745 942 etiarn
759 913 933 951 aliquando

101 958 247 987 laborant
270 956 321 985 vel
337 955 571 994 sapientissimi.
616 955 700 994 Ergo
728 955 859 984 Masurii
883 966 935 985 ru-

100 1001 199 1035 brica,
238 1000 335 1037 leges,
372 997 547 1027 ostendunt
575 998 706 1035 quidem
737 999 878 1036 graviora
904 1000 933 1028 ὃς

103 1044 230 1081 grandia
260 1047 401 1080 peccata,
426 1047 524 1079 atque
552 1040 670 1069 officia:
698 1040 808 1069 verum
831 1041 934 1070 tenuia

97 1087 173 1123 ista,
189 1088 228 1115 de
246 1086 364 1124 quibus
379 1084 459 1120 dixi,
484 1085 511 1112 δε
537 1084 652 1121 quibus
667 1088 734 1112 tota
751 1082 850 1112 ferme
871 1084 935 1113 vita

101 1129 238 1159 honesta
254 1127 449 1164 continetur,
467 1125 610 1155 minime.

144 1173 195 1202 94.
219 1171 319 1208 Atque
342 1179 425 1199 usum
451 1168 564 1206 rapidae
580 1169 758 1207 permittere
776 1168 859 1207 vilae]
887 1168 936 1199 Te

98 1215 159 1244 tibi
170 1215 359 1252 relinquere,
374 1212 502 1249 idoneo,
516 1212 605 1241 velut
616 1221 651 1241 ac
664 1212 765 1250 perito
775 1211 814 1240 τῦ
825 1211 939 1253 ἀνέχειν

103 1257 154 1286 καὶ
167 1257 207 1286 ’τέ
225 1254 368 1296 ἀπέχειν;
393 1255 568 1284 discernere
585 1260 707 1284 rectum
724 1255 794 1284 vitae
812 1264 935 1284 rerum-

103 1310 169 1338 que
184 1310 291 1336 usum,
305 1298 381 1336 quid
395 1297 596 1335 fugiendum,
610 1297 688 1335 quid
701 1297 935 1336 indulgendum

103 1344 161 1372 tibi
187 1344 215 1372 &-
244 1342 331 1378 aliis;
357 1341 503 1378 nihilque
531 1347 652 1378 optare,
675 1340 756 1369 nihil
780 1348 936 1378 metuere,

99 1386 163 1416 nisi
180 1396 221 1415 ex
240 1384 369 1414 rationis
386 1383 575 1421 prescripto.
620 1383 700 1411 Haec
723 1382 842 1412 lubrica
866 1384 936 1422 qui-

101 1428 190 1466 dem,
206 1427 325 1466 rapida,
337 1427 433 1455 ardua
449 1431 542 1454 suut:
569 1426 634 1454 haec
651 1435 717 1454 non
732 1425 856 1455 confert
872 1436 937 1455 una

101 1471 244 1501 Praetoris
270 1470 404 1508 vertigo,
434 1470 461 1498 ὅ(
492 1469 594 1497 brevi÷
622 1468 850 1505 circumacti03
881 1469 937 1498 sed

103 1513 201 1553 longa
216 1513 391 1550 sedulaque
409 1511 552 1550 Magistri
567 1519 694 1540 morum
711 1511 880 1540 institutio.
909 1512 937 1541 Is

103 1557 187 1586 certe
206 1556 375 1595 postquam
392 1555 425 1582 in
439 1554 529 1582 omni
544 1554 699 1582 virtutum
711 1562 824 1591 genere
838 1553 894 1582 diu
908 1561 938 1584 te

104 1599 296 1636 exercuerit,
320 1598 347 1626 <Sc
371 1596 538 1626 affectibus
562 1595 717 1634 purgarit,
740 1601 773 1624 te
797 1596 854 1625 tibi
869 1606 938 1634 per-

105 1643 233 1673 mittere
264 1644 380 1679 potest‚
410 1639 548 1677 vereque
578 1638 715 1667 liberum
746 1648 802 1676 per
830 1639 939 1668 omnia

105 1684 337 1725 pronuntiare3
363 1692 427 1712 non
445 1682 521 1711 item
539 1681 753 1720 Magistratus,
779 1689 836 1711 aut
856 1681 939 1711 Prae-

104 1734 164 1759 tor.

150 1773 202 1802 95.
226 1771 404 1800 SaJanccam
420 1768 521 1807 cilicis,
538 1768 603 1808 [sa]
627 1768 761 1799 Facilius
777 1768 853 1799 sane
869 1769 938 1800 fue-

107 1815 145 1844 rit
163 1814 286 1844 efficere
302 1819 338 1843 ut
353 1813 480 1852 agrestis
496 1822 616 1850 servus,
631 1813 688 1851 qui
703 1822 762 1842 nec
779 1812 939 1843 Musicam

106 1857 229 1895 didicit,
246 1866 305 1886 nec
327 1857 459 1885 citharas
482 1856 570 1892 vidit,
594 1865 645 1884 eas
668 1865 710 1884 ex
733 1861 799 1885 arte
822 1856 940 1894 pulset,

108 1901 206 1938 quirin
223 1900 325 1929 facere
341 1907 375 1928 ut
385 1899 490 1928 Darna
504 1900 657 1928 rationem
670 1905 834 1936 sequatur,
852 1899 879 1927 <Sc
895 1904 940 1928 te-

109 1943 189 1973 nuia
216 1948 322 1972 rerum
345 1941 446 1971 officia
470 1942 565 1978 norit,
589 1942 617 1970 &
642 1947 777 1979 praestet.
796 1940 942 1972 Proverb.

107 1986 221 2014 Asinus
233 1986 273 2014 ad
289 1985 385 2024 lyram
399 1996 408 2012 .·
433 1984 526 2021 Item,
543 1983 720 2012 Sambucum
735 1982 845 2013 caloni.

152 2028 342 2066 Sambucam]
360 2027 436 2056 Vox
453 2028 590 2066 Syriaca,
604 2027 710 2064 inquit
722 2026 942 2064 Casaubonus,

111 2072 196 2103 Galli
214 2072 343 2109 harpam
369 2076 495 2107 vocant,
517 2069 660 2099 Turneb.
684 2069 737 2098 lib.
753 2070 805 2099 20.
828 2079 898 2107 cap.
919 2073 943 2099 1.

109 2114 219 2145 Latini
242 2114 411 2152 Graecique
427 2113 527 2151 lyram
546 2114 572 2139 «Sc
597 2112 764 2150 citharam,
787 2113 864 2141 item
888 2121 943 2142 na·

110 2158 201 2186 blum
219 2166 275 2186 seu
291 2156 446 2185 nablium.
495 2155 658 2191 Musicum
681 2160 728 2184 est
751 2156 942 2185 instrumen-

111 2208 183 2230 tum
199 2198 397 2238 triangularis
414 2198 533 2228 formae.
569 2197 746 2227 Athenaeus
760 2198 815 2226 lib.
828 2198 856 2226 4.
874 2207 942 2236 cap.

110 2245 162 2273 23.
223 2243 414 2272 Sambucam
452 2239 708 2279 lyrophoenicem
745 2241 848 2269 vocari
885 2241 941 2279 ait,

111 2287 249 2325 ejusque
273 2285 473 2314 inventorem
491 2283 582 2312 fuisse
595 2282 730 2321 Ibycum
747 2282 943 2322 Rheginum.

113 2329 157 2359 Et
172 2329 224 2358 lib.
253 2330 301 2357 14.
317 2337 386 2365 cap.
404 2326 433 2355 8.
448 2332 580 2355 acutum
599 2335 665 2354 esse
681 2326 749 2363 ejus
763 2335 892 2362 sonum,
909 2326 943 2355 fi-

114 2372 205 2401 dibus
222 2377 359 2409 quatuor
374 2377 500 2399 tensum
518 2368 619 2406 primi)
631 2367 738 2398 fuisse.
768 2367 810 2398 Et
824 2378 893 2405 cap.
912 2371 941 2400 9.

113 2414 259 2451 ejusdem
286 2413 369 2449 libri,
395 2410 544 2441 sambuca
571 2411 712 2449 primum
736 2420 826 2440 usam
849 2411 944 2441 fuisse

116 2457 283 2495 Sibyllam,
306 2461 404 2493 atque
419 2455 462 2483 ita
478 2459 620 2483 vocatam
645 2454 662 2482 a
686 2453 841 2492 Sambyce
865 2464 945 2492 quo-

113 2499 200 2528 dam.
238 2499 371 2528 Casaub.
401 2498 433 2526 in
457 2497 577 2526 Athen.
606 2495 728 2524 Certum
751 2500 808 2533 est,
828 2497 947 2535 inquit,

121 2541 340 2570 b'etzi.ri.esi71zos
372 2540 505 2569 Orientis
529 2540 655 2577 populos
685 2548 718 2567 eo
746 2549 860 2579 organo
886 2549 947 2568 esse

114 2594 200 2614 usos:
238 2583 307 2611 inde
327 2583 438 2611 transit
460 2583 501 2611 acl
529 2582 649 2610 Graecos
673 2583 695 2618 «3
718 2591 764 2610 res
789 2583 811 2618 ἐς
834 2592 948 2611 nomen.

117 2627 199 2664 Ejus
212 2626 413 2654 instrumenti
432 2626 543 2654 musici
559 2625 777 2654 meminerunt
792 2625 948 2662 Propheta

118 2669 238 2700 Daniel
260 2678 329 2705 cap.
358 2670 385 2696 5.
424 2668 550 2696 Vitruv.
577 2667 630 2696 lib.
652 2666 679 2695 6.
708 2667 892 2705 Spartianus
914 2668 946 2697 in

118 2712 275 2747 Adriano,
294 2712 350 2738 tic.
394 2710 448 2738 Est
464 2711 559 2739 etiam
580 2709 729 2738 Samhuca
747 2710 821 2739 belli
834 2710 947 2739 instru-

120 2759 283 2789 mentum,
309 2752 396 2790 quod
420 2752 549 2782 funibus
565 2753 753 2790 intenditur,
769 2758 806 2782 ut
826 2752 949 2782 chordis

120 2798 259 2833 cithara3
285 2793 370 2824 unde
384 2804 511 2823 nomen.
557 2794 609 2824 De
625 2805 663 2823 eo
681 2795 805 2824 Vitruv.
820 2795 875 2824 lib.
900 2796 949 2825 10.

121 2838 282 2869 Plutarch.
302 2838 334 2866 in
352 2837 496 2865 Marcelli
511 2836 594 2866 Vita.
610 2837 719 2875 Polyb.
736 2838 791 2867 lib.
807 2837 836 2866 8.
862 2838 949 2875 Lips.

122 2882 288 2912 Poliorcet.
313 2879 367 2909 lib.
396 2880 423 2907 1.
448 2878 575 2917 Dialog.
601 2880 629 2908 [5.
657 2880 810 2918 Vegetius
833 2881 861 2910 ἃ
885 2881 948 2910 alii.

123 2925 262 2961 Scilicet,
286 2922 303 2950 ὲ
332 2927 418 2950 turre
448 2929 545 2958 prope
569 2921 679 2950 urbern
703 2923 860 2952 obsessam
892 2932 948 2952 ex-

123 2974 147 2996 tr
155 2966 238 3002 ueta,
256 2965 336 2995 trabs
352 2964 460 3002 ingens
475 2963 605 2992 funibus
625 2973 661 2992 ac
684 2965 805 2994 trocleis
821 2965 860 2994 ad
876 2975 948 2995 mu—

122 3018 170 3038 ros
186 3010 303 3045 laxata,
316 3011 380 3036 erat
393 3015 448 3044 pro
460 3012 570 3044 ponte,
585 3006 614 3034 ἅ
632 3015 687 3043 per
700 3016 770 3035 eam
784 3013 948 3036 transeun-

123 3055 170 3081 tes
184 3051 300 3081 milites
317 3049 429 3080 urbem
442 3048 643 3079 invadebant.
686 3049 825 3079 Athene
832 3059 865 3080 us
879 3050 949 3080 loeo

974 664 1054 686 mox
1068 656 1178 693 citato,
1201 654 1256 685 lib.
1274 655 1322 685 14.
1339 664 1411 693 cap.
1428 654 1457 684 8.
1483 653 1625 692 ejusdem
1640 653 1803 692 meminit,

976 699 1086 737 aitque
1100 698 1289 735 Sambucam,
1306 706 1371 727 esse
1387 697 1544 727 machinae
1568 697 1687 727 bellieae
1703 706 1804 736 genus

977 741 1202 781 oppugnandis
1225 741 1354 771 urbibus
1380 741 1546 778 idoneum,
1563 740 1705 770 hostium
1723 749 1803 770 moe-

979 784 1073 814 nibus
1084 784 1207 813 duabus
1222 784 1339 813 suculis
1350 783 1523 818 admoveri,
1537 784 1564 812 &
1577 783 1649 812 cum
1662 789 1805 812 erectum

978 827 1086 864 fuerit,
1103 827 1205 857 simile
1222 836 1287 856 esse
1304 827 1434 856 navium
1455 826 1542 855 scalis
1562 825 1643 855 foras
1659 825 1808 863 projectis

979 870 1006 897 δι
1034 871 1180 908 expansis
1195 881 1202 898 ι
1249 870 1467 899 Romanorum
1503 878 1569 898 esse
1598 868 1805 906 machinam3

977 911 1131 950 Denique
1157 912 1305 942 fabricam
1331 914 1400 949 ejus
1426 913 1454 941 δε
1479 912 1615 941 formam
1640 912 1806 941 inventam

977 964 1044 984 esse
1058 955 1095 983 ab
1113 955 1279 985 Heraclide
1291 954 1480 984 Tarentino.

1023 995 1149 1037 Catoni]
1167 998 1240 1027 Calo
1251 1007 1357 1027 servus
1373 997 1494 1036 militis,
1507 997 1561 1026 cui
1574 997 1694 1026 vallum
1707 995 1823 1026 defert.

978 1041 1005 1069 ἃ
1022 1041 1119 1079 ligna,
1136 1040 1245 1070 Graece
1269 1040 1372 1078 ιέλας
1393 1041 1444 1069 vel
1469 1050 1510 1069 ex
1531 1049 1569 1069 eo
1593 1040 1697 1070 (lictus
1720 1039 1808 1078 quod

976 1083 1115 1122 ligneam
1129 1084 1249 1113 clavam
1265 1087 1394 1122 gereret.
1441 1082 1568 1120 Festus,
1580 1082 1716 1112 Servius.
1733 1081 1809 1121 Lig-

978 1135 1104 1155 natores
1119 1127 1297 1156 Athenaeus
1309 1125 1437 1156 Calones
1449 1132 1554 1162 vocat,
1569 1135 1626 1154 seu
1636 1124 1810 1165 ιαλοφόςες,

981 1168 1091 1198 Horat.
1108 1170 1162 1198 lib.
1181 1171 1208 1197 1.
1226 1169 1328 1207 Epist.
1346 1170 1395 1198 14.
1439 1168 1561 1198 Invidet
1576 1177 1672 1197 usum.

1021 1210 1186 1249 Lignomm
1202 1211 1258 1240 tihi
1272 1211 1362 1241 Calo.

1022 1254 1199 1292 Aptaren's]
1232 1254 1316 1284 Prius
1346 1255 1512 1284 inserueris
1534 1254 1637 1284 crassis
1661 1251 1813 1283 manibus

980 1296 1121 1326 hominis
1132 1298 1259 1337 agrestis
1275 1299 1455 1337 ineptique‚
1471 1298 1544 1327 licet
1557 1296 1685 1336 graciles
1702 1296 1730 1325 ἅτ
1746 1295 1810 1334 agi-

980 1339 1071 1369 liores
1094 1341 1184 1379 digiti
1206 1350 1388 1379 manusque
1409 1339 1622 1370 desiderentur
1647 1338 1815 1378 tangendis

981 1382 1058 1411 scite
1075 1383 1230 1421 ejusmodi
1244 1384 1475 1421 instrumentis,
1496 1383 1570 1420 hoc,
1586 1383 1731 1420 inquam,
1755 1390 1812 1419 po-

982 1425 1043 1454 tius
1061 1425 1180 1463 feceris,
1197 1426 1309 1464 quam,
1327 1427 1386 1456 Sec.

1022 1467 1112 1506 Alto]
1147 1469 1337 1508 Praegrandis
1352 1474 1493 1506 staturae,
1512 1468 1615 1508 qualis
1631 1467 1664 1497 in
1680 1466 1812 1497 Catoni-

981 1510 1040 1539 bus
1056 1518 1191 1549 amatur,
1216 1521 1337 1550 magnae
1354 1511 1445 1541 molis
1460 1512 1606 1541 homines
1627 1510 1708 1548 saepe
1724 1509 1813 1539 bardi

981 1563 1017 1582 ac
1042 1553 1149 1583 soluti.
1195 1555 1377 1583 Aristoteles
1400 1555 1433 1584 in
1457 1554 1683 1593 Physiognom.
1700 1551 1723 1581 ὄι
1738 1553 1815 1590 ἄγαν

980 1596 1113 1632 μιλάλοι
1143 1595 1266 1637 Βςαδεῖς.
1313 1597 1475 1627 Homerus
1504 1596 1652 1634 Ulyssem
1687 1602 1811 1626 staturae

983 1639 1085 1668 brevis
1114 1641 1142 1669 ἀ
1167 1639 1341 1678 prudentiae
1369 1650 1492 1679 magna:
1509 1639 1654 1676 exhibet,
1677 1638 1814 1675 Ajacem

982 1683 1056 1712 vero
1072 1691 1239 1721 procerum
1256 1683 1283 1711 δε
1301 1683 1493 1713 stolidiorem
1509 1694 1516 1711 :
1543 1682 1629 1712 unde
1653 1681 1813 1719 Apuleius

982 1725 1036 1754 lib.
1080 1726 1130 1755 10.
1188 1725 1358 1763 Praefertur
1398 1725 1519 1765 Ulysses
1555 1723 1687 1754 modicus
1721 1723 1817 1764 Ajaci

983 1777 1124 1798 maximo.

1027 1811 1080 1841 96.
1104 1811 1174 1841 Stat
1191 1814 1295 1842 contra*
1312 1811 1405 1849 ratio]
1440 1812 1571 1841 Debent
1593 1812 1679 1841 enim
1695 1810 1816 1840 fabrilia

982 1854 1059 1884 fabri
1077 1860 1220 1893 tractare,
1235 1856 1274 1885 de
1289 1856 1391 1885 bobus
1405 1861 1504 1884 arator
1516 1864 1649 1892 narrare,
1661 1863 1719 1883 nec
1733 1853 1815 1883 ultra

985 1897 1143 1935 crepidam
1159 1906 1257 1935 sutor,
1271 1908 1330 1927 nec
1347 1898 1450 1936 quivis
1465 1897 1543 1926 alter
1560 1897 1640 1926 ultra
1656 1905 1754 1935 quam
1768 1895 1815 1924 di-

984 1939 1062 1969 dicit.
1077 1948 1188 1971 artem.
1235 1941 1302 1970 Cic.
1316 1940 1412 1969 Tusc.
1430 1939 1553 1972 Quaest.
1573 1940 1603 1968 1.
1635 1939 1816 1968 Athenaeus

984 1983 1039 2012 lib.
1071 1984 1099 2012 8.
1124 1994 1195 2022 cap.
1223 1984 1271 2012 10.
1297 1982 1389 2012 refert
1414 1982 1632 2012 Stratonicum
1658 1981 1816 2011 Citharoe-

985 2025 1064 2055 dum
1082 2027 1157 2065 Regi
1177 2027 1346 2056 Ptolemaeo
1362 2024 1401 2054 de
1417 2024 1620 2054 citharisandi
1636 2031 1701 2053 arte
1716 2025 1815 2054 ambi-

987 2069 1062 2097 tiose
1091 2069 1267 2107 disputanti
1297 2068 1493 2107 respondisse
1507 2079 1513 2096 ;
1546 2066 1563 2096 ὁ
1576 2066 1653 2106 Rex,
1669 2066 1757 2097 aliud
1771 2071 1817 2097 est

983 2115 1145 2149 sceptrum,
1162 2112 1248 2141 aliud
1255 2113 1415 2150 plectrum.
1680 2119 1683 2125 ’

1028 2154 1074 2183 Et
1089 2158 1231 2183 secretam
1241 2153 1344 2194 garrit
1359 2153 1389 2182 in
1404 2153 1519 2192 aurem]
1557 2153 1644 2183 Intus
1661 2153 1693 2183 in
1707 2154 1818 2184 animo

985 2206 1049 2225 suae
1078 2197 1191 2226 indolis
1217 2197 1342 2226 conscio
1371 2197 1532 2234 reclamat,
1556 2202 1734 2235 monetque
1750 2196 1818 2226 Dap

985 2249 1070 2269 mam
1089 2249 1215 2278 semper
1232 2250 1297 2269 esse
1314 2239 1453 2269 Damam
1469 2251 1477 2278 3
1503 2241 1529 2269 δι
1547 2249 1635 2269 servo
1660 2239 1818 2278 servilem,

986 2283 1160 2320 abjectum,
1177 2292 1317 2321 nequam
1334 2282 1399 2311 sore
1413 2291 1538 2321 semper
1553 2282 1711 2312 animum.
1758 2283 1818 2312 At-

989 2325 1048 2354 tius
1078 2326 1373 2363 interpretationem
1398 2326 1514 2363 promit
1537 2325 1757 2362 casaubonus,
1774 2335 1817 2356 an

989 2368 1017 2396 ὗε
1032 2367 1151 2397 verius?
1176 2368 1337 2397 Nimirum
1366 2367 1578 2406 Philosophiae
1606 2368 1718 2397 Stoi‘cae
1746 2378 1817 2398 aus-

988 2415 1053 2440 tera
1071 2411 1147 2440 ratio
1163 2411 1246 2439 clam
1261 2411 1424 2447 admonet,
1453 2412 1529 2448 quia
1541 2410 1626 2448 apud
1643 2411 1769 2447 plebem
1786 2411 1817 2441 δι’,

990 2453 1134 2482 Proceres
1147 2454 1228 2482 male
1240 2453 1405 2490 accipitur,
1418 2453 1482 2482 suis
1496 2453 1636 2482 volentes
1652 2453 1820 2492 indulgere

991 2496 1229 2535 cupiditatibus,
1251 2495 1339 2534 quod
1362 2496 1413 2524 illa
1429 2502 1523 2525 vetat.
1568 2496 1661 2525 Unde
1678 2506 1744 2526 non
1760 2497 1820 2526 nisi

990 2539 1160 2568 subtimide
1198 2539 1274 2578 agit,
1299 2547 1423 2578 suaque
1451 2537 1534 2568 clam
1566 2540 1714 2577 proponit
1743 2539 1820 2580 dog·

991 2588 1086 2610 mata.

1037 2624 1159 2662 Garrit]
1183 2623 1313 2663 Legunt
1337 2625 1401 2662 alii,
1427 2624 1556 2653 Gannit.
1599 2624 1725 2663 Proprie
1753 2636 1820 2665 gar-

993 2665 1080 2696 riunt
1106 2677 1192 2705 aves,
1221 2667 1335 2705 vulpes
1359 2672 1469 2696 autern
1487 2668 1515 2696 ὅ(
1533 2677 1627 2697 canes
1648 2669 1821 2708 ganniunt,

992 2708 1071 2739 dum
1088 2710 1210 2739 levibus
1225 2710 1356 2739 susurris
1372 2710 1463 2748 quasi
1477 2716 1622 2749 gemunt.

1035 2753 1087 2782 97.
1110 2751 1160 2782 Ne
1175 2752 1392 2790 liceatfacere,
1407 2752 1474 2790 ige]
1504 2752 1548 2781 Ut
1572 2762 1669 2782 nemo
1692 2753 1748 2784 sibi
1764 2764 1820 2784 ne-

991 2799 1063 2833 gata
1079 2800 1192 2824 tentet.
1225 2794 1312 2824 Alias
1327 2795 1427 2832 enim,
1450 2796 1533 2833 quod
1551 2796 1593 2824 ait
1608 2795 1746 2834 Persius,
1776 2798 1821 2826 vi-

992 2837 1083 2866 tiabit
1105 2838 1231 2877 agendo.
1276 2836 1372 2869 Quod
1397 2838 1529 2875 quidem
1556 2847 1681 2877 semper
1707 2839 1823 2869 accidit

992 2880 1156 2918 imperitis.
1203 2881 1332 2920 Pingere
1354 2880 1551 2918 aggrediatur
1565 2880 1673 2918 faber3
1700 2881 1819 2920 lapides

991 2931 1094 2958 secare
1121 2924 1149 2952 δι
1171 2929 1278 2961 aptare
1301 2923 1454 2960 rusticus,
1486 2924 1615 2952 hortum
1646 2924 1675 2952 &
1703 2923 1819 2954 florum

992 2965 1110 2995 areolas
1125 2965 1290 3003 disponere
1305 2966 1490 3002 statuariu53
1521 2967 1590 3004 plus
1614 2967 1742 2995 nocebit
1767 2976 1820 2994 eo-

994 3016 1066 3036 rum
1093 3017 1200 3046 opera,
1225 3008 1322 3046 quam
1343 3008 1485 3044 juvabit:
1510 3009 1576 3038 imo
1599 3007 1676 3040 alter
1692 3008 1822 3039 alterius

993 3059 1076 3089 opus
1091 3051 1174 3080 bene
1189 3050 1378 3081 inchoatum
1391 3050 1557 3090 disperdet.
