1934 3227
408 424 489 486 D.
525 423 715 487 JUNII
752 424 1101 488 JUVENALIS
1136 420 1492 493 AQmNATis

702 568 1221 649 VITA.

870 760 1067 770 ...n—q—

869 770 1068 783 —

183 860 652 939 AQUINATEM
690 898 739 929 se
775 882 875 945 ipse
910 888 1122 929 testatur
1151 879 1406 927 Juvenalis
1433 879 1587 927 Satira
1613 886 1656 928 3.
1687 898 1730 929 v.

183 952 292 1001 319.
336 948 563 996 libertino
613 948 811 1011 quidam
860 956 996 1011 patre
1034 956 1218 1003 natum,
1266 946 1345 1002 alii
1382 946 1629 994 duntaxat
1676 946 1735 994 ab
1792 990 1810 1005 ,¹

183 1029 239 1060 eo
266 1014 527 1062 educatum
557 1014 787 1062 referunt.
859 1013 1091 1061 Eruditus
1127 1019 1200 1059 est
1235 1028 1292 1059 eo
1318 1011 1580 1059 educatum
1617 1012 1738 1060 refe·
1799 1031 1803 1068 g

182 1089 314 1127 runt.
386 1079 619 1127 Eruditus
646 1089 717 1128 est
741 1080 766 1126 a
792 1079 1039 1128 Frontone
1065 1078 1403 1126 Grammatico
1428 1098 1440 1133 3
1479 1077 1506 1125 a
1535 1077 1741 1134 Quinti·

183 1145 315 1192 liano
344 1146 554 1194 Rhetore
578 1146 738 1203 etiam,
779 1154 835 1194 ut
862 1146 1039 1193 volunt
1064 1143 1307 1191 nonnulli.
1379 1144 1526 1192 Certe
1563 1143 1645 1190 hic
1682 1144 1742 1191 de

183 1211 426 1259 ,Iuvenale
461 1212 642 1260 dicitur
666 1212 802 1275 loqui
828 1212 909 1259 lib.
945 1218 1016 1257 10.
1046 1227 1148 1274 cap.
1185 1219 1220 1257 l.
1254 1209 1336 1257 ubi
1365 1209 1611 1274 Satyricos
1636 1210 1741 1258 lau-

185 1277 306 1324 dans
334 1279 508 1326 Po'etas
534 1279 602 1326 ait
624 1296 633 1325 :
673 1277 800 1326 Sunt
825 1278 949 1326 clari
975 1277 1108 1324 hodie
1132 1292 1324 1340 quoque,
1357 1274 1401 1337 ᾇ
1428 1276 1509 1339 qui
1528 1276 1637 1322 olim
1661 1292 1744 1323 no-

186 1343 519 1392 minabuntur.
608 1344 793 1392 Floruit
845 1344 935 1391 sub
992 1342 1373 1406 Imperatoribus
1433 1341 1744 1390 Domitiano.

187 1408 373 1468 Nerva,
423 1410 647 1475 Trajano‚
704 1409 956 1458 Hadriano
998 1410 1158 1467 etiam,
1216 1418 1270 1456 ut
1312 1424 1374 1456 ex
1424 1408 1575 1455 Notis
1624 1424 1743 1456 con·

191 1475 359 1523 stabit.

253 1542 302 1589 J.
323 1541 512 1605 Lipsius
534 1541 785 1606 Epistolic.
813 1541 1006 1598 Quaest.
1028 1539 1135 1588 Lib.
1158 1545 1204 1587 4.
1223 1539 1378 1604 Epist.
1401 1546 1480 1588 20.
1496 1539 1577 1587 De
1594 1539 1747 1589 Juve-

189 1608 311 1654 nalis
335 1618 479 1655 aetate
505 1625 594 1655 non
615 1608 697 1655 abs
718 1625 770 1655 re
795 1608 1066 1663 dubitatur,
1102 1606 1283 1669 inquit.
1355 1606 1665 1655 Declamavit
1686 1607 1748 1655 ad

190 1673 399 1720 mediam
435 1674 535 1721 fere
569 1684 778 1732 aetatem,
828 1673 1139 1736 forensesque
1176 1689 1343 1720 causas
1379 1673 1482 1736 egit
1519 1690 1618 1720 non
1646 1674 1750 1722 sine

190 1739 334 1786 laude
361 1742 401 1787 &
430 1740 598 1803 gloria.
653 1738 831 1788 Postea
851 1740 911 1786 ad
937 1739 1113 1787 Satiras
1142 1739 1505 1803 componendas
1530 1739 1749 1787 animum

194 1805 396 1868 appulit.
467 1807 535 1852 At
560 1806 606 1852 in
630 1806 853 1852 Paridem
871 1806 1072 1852 mimum
1095 1822 1258 1852 versus
1285 1805 1522 1868 quosdam
1546 1823 1644 1853 non
1666 1806 1751 1853 ab·

194 1871 365 1918 surdos
409 1870 520 1918 esim
563 1871 879 1936 publicasset,
931 1870 1272 1917 Domitianum
1315 1871 1568 1919 histrionis
1612 1872 1752 1920 istius

195 1946 440 1984 amantem
464 1936 595 1985 haud
626 1937 796 1985 leviter
819 1935 1038 1983 offendit.
1095 1936 1172 1983 De
1196 1935 1269 1983 his
1296 1937 1392 1984 Sat.
1425 1944 1470 1988 7.
1505 1944 1574 1994 15,
1610 1940 1651 1985 &
1681 1938 1755 1985 16.

197 2001 310 2049 Illos
337 2003 490 2066 igitur
514 2003 698 2067 pudore
727 2006 768 2051 &
798 2003 869 2050 ira
894 2001 1104 2067 percitos
1130 2002 1189 2049 de
1212 2002 1455 2050 Juvenale
1480 2004 1755 2051 amovendo

197 2069 443 2131 cogitasse
468 2069 685 2126 tradunt,
727 2078 874 2132 atque
917 2068 1007 2116 sub
1039 2068 1238 2115 honoris
1264 2069 1472 2116 obtentu
1499 2069 1750 2133 relegasse,

197 2133 481 2198 praefectum
503 2137 677 2200 nempe
703 2134 909 2193 cohorti,
942 2152 1050 2198 quae
1073 2135 1122 2181 in
1142 2135 1418 2199 AEgyptum
1445 2136 1750 2184 mittebatur.

200 2200 467 2248 Intellecta
508 2201 624 2249 vero
667 2201 967 2266 praefecturae
1006 2201 1153 2249 causa
1190 2202 1366 2249 dicunt
1393 2217 1501 2248 eum
1538 2202 1686 2249 taedio
1713 2205 1756 2250 &

201 2282 384 2329 angore
409 2267 560 2314 vitam
582 2269 761 2316 finiisse
788 2268 887 2314 illic
908 2268 1022 2314 sane
1047 2267 1438 2331 octogenarium.
1478 2268 1627 2316 Porro
1653 2267 1756 2316 haec

201 2348 360 2395 neque
387 2349 497 2380 vera
531 2334 707 2389 omnia,
750 2350 840 2381 nec
873 2333 1019 2381 falsa:
1073 2333 1238 2397 Lipsio
1276 2343 1398 2381 teste
1435 2335 1587 2381 citato
1625 2334 1750 2392 loco,

201 2398 288 2445 ubi
313 2399 602 2447 ,Iuvenalem
640 2400 729 2448 sub
757 2400 1047 2447 Domitiano
1072 2400 1298 2447 exulasse
1325 2418 1422 2447 non
1448 2400 1621 2447 abnuit
1649 2400 1758 2464 qui·

202 2463 326 2523 dem,
380 2475 529 2528 negat
564 2476 726 2514 autem
760 2483 816 2514 eo
859 2466 1117 2529 superstite
1158 2475 1438 2523 mortuum;
1504 2465 1603 2514 imo
1645 2475 1759 2531 post

202 2530 363 2593 ipsum
401 2532 576 2579 Satiras
612 2532 799 2596 aliquot
836 2532 1093 2595 scripsisse,
1138 2533 1331 2596 colligit
1367 2548 1428 2578 ex
1455 2532 1557 2596 ejus
1584 2533 1681 2581 Sat.
1707 2539 1755 2583 4.

205 2596 549 2660 Imprimisque
568 2614 628 2645 ex
649 2599 833 2645 ultimis
859 2598 1092 2657 versibus,
1112 2599 1295 2646 vixisse
1314 2598 1374 2644 ad
1394 2598 1604 2662 Trajani‚
1638 2599 1760 2662 quin

211 2662 252 2708 δι
294 2663 527 2710 Hadriani
564 2674 796 2728 tempora,
839 2664 1055 2712 ostendit
1081 2681 1141 2712 ex
1168 2666 1266 2712 Sat.
1294 2666 1340 2711 6.
1374 2681 1417 2711 v.
1449 2665 1562 2712 406.
1591 2668 1632 2713 &
1661 2683 1760 2729 seq.

209 2728 250 2773 &
279 2728 374 2775 Sat.
406 2735 478 2776 13.
503 2747 549 2777 v.
584 2736 653 2781 17.
682 2740 828 2794 atque
852 2728 1012 2777 Plinio
1049 2731 1259 2788 Juniori,
1303 2732 1344 2778 &
1382 2729 1561 2779 Tacito
1587 2749 1763 2797 suppa-

207 2807 305 2839 rem
333 2804 595 2842 existimat.

273 2858 302 2905 J
311 2861 562 2908 uvenalem
588 2861 680 2909 sibi
705 2861 987 2910 familiarem
1014 2862 1157 2910 valde
1177 2863 1493 2911 commendat
1520 2863 1762 2911 Martialis

209 2922 316 2969 L'lb-
343 2930 387 2975 7.
415 2925 662 2989 Epigram.
691 2934 768 2975 23.
798 2931 839 2976 &
867 2937 947 2982 90.
1005 2930 1130 2976 Item
1168 2929 1272 2976 Lib.
1306 2936 1378 2976 12.
1409 2929 1659 2995 Epigram.
1691 2936 1763 2979 18.

210 2987 362 3045 Quod
381 2990 694 3055 Epigramma
718 2992 757 3041 si
784 2994 1041 3052 Martialis,
1072 2994 1183 3042 cum
1207 2996 1257 3042 in
1279 2995 1530 3060 Hispaniis
1550 2996 1764 3061 degeret,

207 3055 436 3119 scripsit3
477 3069 776 3124 mortuoque
794 3059 898 3125 jam
926 3060 1245 3115 Domitiano:
1287 3079 1395 3126 quae
1423 3062 1624 3127 quidem
1646 3063 1772 3112 affir=
