<?xml version="1.0" encoding="UTF-8"?>
<!DOCTYPE html PUBLIC "-//W3C//DTD XHTML 1.0 Transitional//EN"
    "http://www.w3.org/TR/xhtml1/DTD/xhtml1-transitional.dtd">
<html xmlns="http://www.w3.org/1999/xhtml" xml:lang="en" lang="en">
 <head>
  <title>
</title>
<meta http-equiv="Content-Type" content="text/html;charset=utf-8" />
  <meta name='ocr-system' content='tesseract 3.04.00' />
  <meta name='ocr-capabilities' content='ocr_page ocr_carea ocr_par ocr_line ocrx_word'/>
</head>
<body>
  <div class='ocr_page' id='page_1' title='image "./djuniijuvenalis00juveuoft/djuniijuvenalis00juveuoft_0227.png"; bbox 0 0 1948 3281; ppageno 0'>
   <div class='ocr_carea' id='block_1_1' title="bbox 649 61 1330 108">
    <p class='ocr_par' dir='ltr' id='par_1_1' title="bbox 649 61 1330 108">
     <span class='ocr_line' id='line_1_1' title="bbox 649 61 1330 108; baseline 0 -2"><span class='ocrx_word' id='word_1_1' title='bbox 649 63 984 108; x_wconf 87' lang='lat' dir='ltr'>JUVENALIS</span> <span class='ocrx_word' id='word_1_2' title='bbox 1020 61 1237 105; x_wconf 90' lang='lat' dir='ltr'>SATIRA</span> <span class='ocrx_word' id='word_1_3' title='bbox 1272 62 1330 106; x_wconf 92' lang='lat' dir='ltr'><strong>X.</strong></span> 
     </span>
    </p>
   </div>
   <div class='ocr_carea' id='block_1_2' title="bbox 142 152 1095 260">
    <p class='ocr_par' dir='ltr' id='par_1_2' title="bbox 142 152 1095 260">
     <span class='ocr_line' id='line_1_2' title="bbox 142 152 1075 212; baseline -0.004 -16"><span class='ocrx_word' id='word_1_4' title='bbox 142 153 302 198; x_wconf 82' lang='lat' dir='ltr'><strong>Antoni</strong></span> <span class='ocrx_word' id='word_1_5' title='bbox 324 154 480 212; x_wconf 80' lang='lat' dir='ltr'>gladios</span> <span class='ocrx_word' id='word_1_6' title='bbox 502 153 635 210; x_wconf 87' lang='lat' dir='ltr'><strong>potuit</strong></span> <span class='ocrx_word' id='word_1_7' title='bbox 656 164 931 204; x_wconf 85' lang='lat' dir='ltr'><strong>contemnere,</strong></span> <span class='ocrx_word' id='word_1_8' title='bbox 964 152 995 194; x_wconf 92' lang='lat' dir='ltr'><strong>si</strong></span> <span class='ocrx_word' id='word_1_9' title='bbox 1019 153 1075 193; x_wconf 89' lang='lat' dir='ltr'><strong>sie</strong></span> 
     </span>
     <span class='ocr_line' id='line_1_3' title="bbox 551 210 1095 260; baseline -0.009 -6"><span class='ocrx_word' id='word_1_10' title='bbox 551 211 734 254; x_wconf 86' lang='lat' dir='ltr'><strong>Ridenda</strong></span> <span class='ocrx_word' id='word_1_11' title='bbox 758 213 951 253; x_wconf 74' lang='lat' dir='ltr'><strong>poemata</strong></span> <span class='ocrx_word' id='word_1_12' title='bbox 972 210 1095 260; x_wconf 82' lang='lat' dir='ltr'><strong>malo,</strong></span> 
     </span>
    </p>
   </div>
   <div class='ocr_carea' id='block_1_3' title="bbox 134 267 1291 609">
    <p class='ocr_par' dir='ltr' id='par_1_3' title="bbox 135 267 1251 554">
     <span class='ocr_line' id='line_1_4' title="bbox 139 267 1160 325; baseline -0.003 -15"><span class='ocrx_word' id='word_1_13' title='bbox 139 270 281 325; x_wconf 70' lang='lat' dir='ltr'><strong>Quam</strong></span> <span class='ocrx_word' id='word_1_14' title='bbox 305 278 341 310; x_wconf 90' lang='lat' dir='ltr'><strong>te</strong></span> <span class='ocrx_word' id='word_1_15' title='bbox 364 268 599 324; x_wconf 85' lang='lat' dir='ltr'><strong>conspicuae</strong></span> <span class='ocrx_word' id='word_1_16' title='bbox 620 269 755 311; x_wconf 85' lang='lat' dir='ltr'><strong>divina</strong></span> <span class='ocrx_word' id='word_1_17' title='bbox 780 267 1002 323; x_wconf 76' lang='lat' dir='ltr'><strong>Philippica</strong></span> <span class='ocrx_word' id='word_1_18' title='bbox 1023 267 1160 316; x_wconf 83' lang='lat' dir='ltr'><strong>famae,</strong></span> 
     </span>
     <span class='ocr_line' id='line_1_5' title="bbox 916 322 1251 366; baseline -0.006 0"><span class='ocrx_word' id='word_1_19' title='bbox 916 326 1057 366; x_wconf 88' lang='lat' dir='ltr'><strong>Saevus</strong></span> <span class='ocrx_word' id='word_1_20' title='bbox 1077 325 1116 364; x_wconf 74' lang='grc' dir='ltr'><strong>ὅτ.</strong></span> <span class='ocrx_word' id='word_1_21' title='bbox 1137 322 1251 364; x_wconf 89' lang='lat' dir='ltr'><strong>illum</strong></span> 
     </span>
     <span class='ocr_line' id='line_1_6' title="bbox 137 381 1199 443; baseline -0.001 -21"><span class='ocrx_word' id='word_1_22' title='bbox 137 381 283 423; x_wconf 83' lang='lat' dir='ltr'>Exitus</span> <span class='ocrx_word' id='word_1_23' title='bbox 306 384 465 438; x_wconf 88' lang='lat' dir='ltr'><strong>eripuit,</strong></span> <span class='ocrx_word' id='word_1_24' title='bbox 509 398 631 439; x_wconf 86' lang='lat' dir='ltr'><strong>quem</strong></span> <span class='ocrx_word' id='word_1_25' title='bbox 654 382 900 424; x_wconf 76' lang='lat' dir='ltr'>mirabantur</span> <span class='ocrx_word' id='word_1_26' title='bbox 921 383 1098 423; x_wconf 81' lang='lat' dir='ltr'><strong>Athenae</strong></span> <span class='ocrx_word' id='word_1_27' title='bbox 1190 436 1199 443; x_wconf 47' lang='lat'>-</span> 
     </span>
     <span class='ocr_line' id='line_1_7' title="bbox 135 438 1219 495; baseline -0.001 -16"><span class='ocrx_word' id='word_1_28' title='bbox 135 439 391 490; x_wconf 86' lang='lat' dir='ltr'><strong>Torrentem,</strong></span> <span class='ocrx_word' id='word_1_29' title='bbox 425 441 463 481; x_wconf 59' lang='grc' dir='ltr'><strong>ὃς</strong></span> <span class='ocrx_word' id='word_1_30' title='bbox 487 440 592 495; x_wconf 88' lang='lat' dir='ltr'><strong>pleni</strong></span> <span class='ocrx_word' id='word_1_31' title='bbox 615 440 890 481; x_wconf 86' lang='lat' dir='ltr'><strong>moderantem</strong></span> <span class='ocrx_word' id='word_1_32' title='bbox 912 438 1039 479; x_wconf 82' lang='lat' dir='ltr'><strong>fraena</strong></span> <span class='ocrx_word' id='word_1_33' title='bbox 1059 438 1219 478; x_wconf 81' lang='lat' dir='ltr'><strong>theatri.</strong></span> 
     </span>
     <span class='ocr_line' id='line_1_8' title="bbox 135 495 1104 554; baseline -0.001 -19"><span class='ocrx_word' id='word_1_34' title='bbox 135 495 230 536; x_wconf 86' lang='lat' dir='ltr'><strong>Diis</strong></span> <span class='ocrx_word' id='word_1_35' title='bbox 252 496 318 538; x_wconf 88' lang='lat' dir='ltr'><strong>ille</strong></span> <span class='ocrx_word' id='word_1_36' title='bbox 338 498 510 539; x_wconf 85' lang='lat' dir='ltr'><strong>adversis</strong></span> <span class='ocrx_word' id='word_1_37' title='bbox 532 498 708 554; x_wconf 76' lang='lat' dir='ltr'><strong>genituS,</strong></span> <span class='ocrx_word' id='word_1_38' title='bbox 740 497 905 552; x_wconf 85' lang='lat' dir='ltr'><strong>fatoque</strong></span> <span class='ocrx_word' id='word_1_39' title='bbox 927 496 1104 546; x_wconf 86' lang='lat' dir='ltr'><strong>sinistro,</strong></span> 
     </span>
    </p>

    <p class='ocr_par' dir='ltr' id='par_1_4' title="bbox 134 552 1291 609">
     <span class='ocr_line' id='line_1_9' title="bbox 134 552 1291 609; baseline 0 -17"><span class='ocrx_word' id='word_1_40' title='bbox 134 552 272 609; x_wconf 71' lang='lat' dir='ltr'><strong>Quem</strong></span> <span class='ocrx_word' id='word_1_41' title='bbox 298 564 406 608; x_wconf 84' lang='lat' dir='ltr'><strong>pater</strong></span> <span class='ocrx_word' id='word_1_42' title='bbox 426 554 600 595; x_wconf 86' lang='lat' dir='ltr'><strong>ardentis</strong></span> <span class='ocrx_word' id='word_1_43' title='bbox 623 568 767 596; x_wconf 80' lang='lat' dir='ltr'><strong>massae</strong></span> <span class='ocrx_word' id='word_1_44' title='bbox 788 553 957 609; x_wconf 85' lang='lat' dir='ltr'><strong>fuligine</strong></span> <span class='ocrx_word' id='word_1_45' title='bbox 980 552 1109 607; x_wconf 81' lang='lat' dir='ltr'><strong>lippus</strong></span> <span class='ocrx_word' id='word_1_46' title='bbox 1244 552 1291 592; x_wconf 87' lang='lat'><strong>13</strong></span> 
     </span>
    </p>
   </div>
   <div class='ocr_carea' id='block_1_4' title="bbox 133 610 1168 718">
    <p class='ocr_par' dir='ltr' id='par_1_5' title="bbox 133 610 1168 718">
     <span class='ocr_line' id='line_1_10' title="bbox 133 610 1168 667; baseline -0.001 -17"><span class='ocrx_word' id='word_1_47' title='bbox 133 611 177 650; x_wconf 91' lang='lat' dir='ltr'>A</span> <span class='ocrx_word' id='word_1_48' title='bbox 198 610 386 662; x_wconf 63' lang='lat' dir='ltr'><strong>carbone,</strong></span> <span class='ocrx_word' id='word_1_49' title='bbox 421 612 460 653; x_wconf 70' lang='grc' dir='ltr'><strong>δε</strong></span> <span class='ocrx_word' id='word_1_50' title='bbox 482 611 718 666; x_wconf 81' lang='lat' dir='ltr'><strong>forcipibus,</strong></span> <span class='ocrx_word' id='word_1_51' title='bbox 750 610 984 667; x_wconf 77' lang='lat' dir='ltr'><strong>gladiosque</strong></span> <span class='ocrx_word' id='word_1_52' title='bbox 1008 617 1168 664; x_wconf 86' lang='lat' dir='ltr'><strong>parante</strong></span> 
     </span>
     <span class='ocr_line' id='line_1_11' title="bbox 135 666 1136 718; baseline 0 -12"><span class='ocrx_word' id='word_1_53' title='bbox 135 666 306 718; x_wconf 56' lang='lat' dir='ltr'><strong>incude,</strong></span> <span class='ocrx_word' id='word_1_54' title='bbox 337 683 382 710; x_wconf 93' lang='lat' dir='ltr'><strong>ac</strong></span> <span class='ocrx_word' id='word_1_55' title='bbox 410 668 519 710; x_wconf 85' lang='lat' dir='ltr'><strong>luteo</strong></span> <span class='ocrx_word' id='word_1_56' title='bbox 534 668 723 711; x_wconf 89' lang='lat' dir='ltr'><strong>Vulcano</strong></span> <span class='ocrx_word' id='word_1_57' title='bbox 739 667 792 709; x_wconf 76' lang='lat' dir='ltr'><strong>‘ad</strong></span> <span class='ocrx_word' id='word_1_58' title='bbox 817 669 992 709; x_wconf 87' lang='lat' dir='ltr'><strong>Rhetora</strong></span> <span class='ocrx_word' id='word_1_59' title='bbox 1008 666 1136 707; x_wconf 85' lang='lat' dir='ltr'><strong>misit.</strong></span> 
     </span>
    </p>
   </div>
   <div class='ocr_carea' id='block_1_5' title="bbox 133 753 1688 797">
    <p class='ocr_par' dir='ltr' id='par_1_6' title="bbox 133 753 1688 797">
     <span class='ocr_line' id='line_1_12' title="bbox 133 753 1688 797; baseline 0.003 -14"><span class='ocrx_word' id='word_1_60' title='bbox 133 754 206 785; x_wconf 82' lang='lat' dir='ltr'><strong>bone</strong></span> <span class='ocrx_word' id='word_1_61' title='bbox 222 756 432 795; x_wconf 42' lang='lat' dir='ltr'><strong>&amp;forcipibug</strong></span> <span class='ocrx_word' id='word_1_62' title='bbox 450 759 471 794; x_wconf 66' lang='lat' dir='ltr'><strong>‘S‘</strong></span> <span class='ocrx_word' id='word_1_63' title='bbox 486 756 593 786; x_wconf 79' lang='lat' dir='ltr'><strong>incude</strong></span> <span class='ocrx_word' id='word_1_64' title='bbox 605 754 908 792; x_wconf 43' lang='lat' dir='ltr'><strong>cultros-fabricante,</strong></span> <span class='ocrx_word' id='word_1_65' title='bbox 931 758 1022 792; x_wconf 83' lang='lat' dir='ltr'><strong>atque</strong></span> <span class='ocrx_word' id='word_1_66' title='bbox 1041 753 1171 784; x_wconf 79' lang='lat' dir='ltr'><strong>Vulcano</strong></span> <span class='ocrx_word' id='word_1_67' title='bbox 1184 753 1277 792; x_wconf 83' lang='lat' dir='ltr'><strong>Iute0‚</strong></span> <span class='ocrx_word' id='word_1_68' title='bbox 1299 754 1341 782; x_wconf 82' lang='lat' dir='ltr'><strong>ad</strong></span> <span class='ocrx_word' id='word_1_69' title='bbox 1355 754 1512 786; x_wconf 74' lang='lat' dir='ltr'><strong>Rhetorem</strong></span> <span class='ocrx_word' id='word_1_70' title='bbox 1525 757 1688 797; x_wconf 73' lang='lat' dir='ltr'><strong>ablegavit.</strong></span> 
     </span>
    </p>
   </div>
   <div class='ocr_carea' id='block_1_6' title="bbox 140 212 489 255">
    <p class='ocr_par' dir='ltr' id='par_1_7' title="bbox 140 212 489 255">
     <span class='ocr_line' id='line_1_13' title="bbox 140 212 489 255; baseline -0.003 -2"><span class='ocrx_word' id='word_1_71' title='bbox 140 212 293 253; x_wconf 88' lang='lat' dir='ltr'><strong>Omnia</strong></span> <span class='ocrx_word' id='word_1_72' title='bbox 311 213 489 255; x_wconf 87' lang='lat' dir='ltr'><strong>dixisset.</strong></span> 
     </span>
    </p>
   </div>
   <div class='ocr_carea' id='block_1_7' title="bbox 138 325 854 382">
    <p class='ocr_par' dir='ltr' id='par_1_8' title="bbox 138 325 854 382">
     <span class='ocr_line' id='line_1_14' title="bbox 138 325 854 382; baseline 0.001 -17"><span class='ocrx_word' id='word_1_73' title='bbox 138 326 324 367; x_wconf 82' lang='lat' dir='ltr'><strong>volveris</strong></span> <span class='ocrx_word' id='word_1_74' title='bbox 348 327 373 367; x_wconf 74' lang='grc' dir='ltr'><strong>ἐι</strong></span> <span class='ocrx_word' id='word_1_75' title='bbox 396 325 523 381; x_wconf 63' lang='lat' dir='ltr'><strong>prima</strong></span> <span class='ocrx_word' id='word_1_76' title='bbox 543 341 637 382; x_wconf 89' lang='lat' dir='ltr'><strong>quae</strong></span> <span class='ocrx_word' id='word_1_77' title='bbox 657 325 854 381; x_wconf 89' lang='lat' dir='ltr'><strong>proxima.</strong></span> 
     </span>
    </p>
   </div>
   <div class='ocr_carea' id='block_1_8' title="bbox 131 797 923 837">
    <p class='ocr_par' dir='ltr' id='par_1_9' title="bbox 131 797 923 837">
     <span class='ocr_line' id='line_1_15' title="bbox 131 797 923 837; baseline -0.001 -10"><span class='ocrx_word' id='word_1_78' title='bbox 131 798 258 837; x_wconf 78' lang='lat' dir='ltr'><strong>militioe,</strong></span> <span class='ocrx_word' id='word_1_79' title='bbox 269 798 271 800; x_wconf 74' lang='grc'><strong>’</strong></span> <span class='ocrx_word' id='word_1_80' title='bbox 281 799 389 829; x_wconf 70' lang='lat' dir='ltr'><strong>thorax</strong></span> <span class='ocrx_word' id='word_1_81' title='bbox 403 799 588 831; x_wconf 77' lang='lat' dir='ltr'><strong>detruncatis</strong></span> <span class='ocrx_word' id='word_1_82' title='bbox 603 797 740 837; x_wconf 83' lang='lat' dir='ltr'><strong>troplzaeis</strong></span> <span class='ocrx_word' id='word_1_83' title='bbox 754 807 923 836; x_wconf 81' lang='lat' dir='ltr'><strong>suspensus,</strong></span> 
     </span>
    </p>
   </div>
   <div class='ocr_carea' id='block_1_9' title="bbox 1246 158 1845 798">
    <p class='ocr_par' dir='ltr' id='par_1_10' title="bbox 1246 158 1845 798">
     <span class='ocr_line' id='line_1_16' title="bbox 1334 158 1845 200; baseline 0.01 -13"><span class='ocrx_word' id='word_1_84' title='bbox 1334 158 1434 188; x_wconf 81' lang='lat' dir='ltr'><strong>Enses</strong></span> <span class='ocrx_word' id='word_1_85' title='bbox 1445 158 1573 188; x_wconf 79' lang='lat' dir='ltr'><strong>Antonii</strong></span> <span class='ocrx_word' id='word_1_86' title='bbox 1590 161 1729 191; x_wconf 71' lang='lat' dir='ltr'><strong>valuisset</strong></span> <span class='ocrx_word' id='word_1_87' title='bbox 1743 173 1845 200; x_wconf 74' lang='lat' dir='ltr'><strong>asper-</strong></span> 
     </span>
     <span class='ocr_line' id='line_1_17' title="bbox 1334 201 1843 239; baseline 0.01 -10"><span class='ocrx_word' id='word_1_88' title='bbox 1334 202 1413 239; x_wconf 84' lang='lat' dir='ltr'><strong>nari,</strong></span> <span class='ocrx_word' id='word_1_89' title='bbox 1429 201 1455 230; x_wconf 85' lang='lat' dir='ltr'><strong>si</strong></span> <span class='ocrx_word' id='word_1_90' title='bbox 1467 205 1576 230; x_wconf 83' lang='lat' dir='ltr'><strong>cuncta</strong></span> <span class='ocrx_word' id='word_1_91' title='bbox 1590 202 1666 232; x_wconf 76' lang='lat' dir='ltr'><strong>hunc</strong></span> <span class='ocrx_word' id='word_1_92' title='bbox 1681 205 1711 232; x_wconf 85' lang='lat' dir='ltr'><strong>in</strong></span> <span class='ocrx_word' id='word_1_93' title='bbox 1728 206 1843 234; x_wconf 61' lang='lat' dir='ltr'><strong>modum</strong></span> 
     </span>
     <span class='ocr_line' id='line_1_18' title="bbox 1302 243 1840 280; baseline 0.013 -9"><span class='ocrx_word' id='word_1_94' title='bbox 1302 243 1440 280; x_wconf 76' lang='lat' dir='ltr'><strong>„fuisset</strong></span> <span class='ocrx_word' id='word_1_95' title='bbox 1491 246 1614 273; x_wconf 59' lang='lat' dir='ltr'><strong>locutae.</strong></span> <span class='ocrx_word' id='word_1_96' title='bbox 1680 246 1840 278; x_wconf 72' lang='lat' dir='ltr'><strong>Iac-ondita</strong></span> 
     </span>
     <span class='ocr_line' id='line_1_19' title="bbox 1246 266 1842 325; baseline 0.007 -10"><span class='ocrx_word' id='word_1_97' title='bbox 1246 266 1320 307; x_wconf 70' lang='lat'><strong>12³</strong></span> <span class='ocrx_word' id='word_1_98' title='bbox 1335 287 1466 315; x_wconf 80' lang='lat' dir='ltr'><strong>carmina</strong></span> <span class='ocrx_word' id='word_1_99' title='bbox 1479 287 1576 325; x_wconf 84' lang='lat' dir='ltr'><strong>pluris</strong></span> <span class='ocrx_word' id='word_1_100' title='bbox 1594 287 1684 324; x_wconf 56' lang='lat' dir='ltr'><strong>facio,</strong></span> <span class='ocrx_word' id='word_1_101' title='bbox 1705 291 1794 325; x_wconf 74' lang='lat' dir='ltr'><strong>(suzim</strong></span> <span class='ocrx_word' id='word_1_102' title='bbox 1813 295 1842 319; x_wconf 81' lang='lat' dir='ltr'><strong>te</strong></span> 
     </span>
     <span class='ocr_line' id='line_1_20' title="bbox 1336 328 1842 368; baseline 0.006 -11"><span class='ocrx_word' id='word_1_103' title='bbox 1336 328 1438 358; x_wconf 57' lang='lat' dir='ltr'><strong>dirimi</strong></span> <span class='ocrx_word' id='word_1_104' title='bbox 1456 330 1578 358; x_wconf 70' lang='lat' dir='ltr'><strong>nominis</strong></span> <span class='ocrx_word' id='word_1_105' title='bbox 1600 330 1742 368; x_wconf 66' lang='lat' dir='ltr'><strong>praeclari</strong></span> <span class='ocrx_word' id='word_1_106' title='bbox 1768 332 1842 360; x_wconf 76' lang='lat' dir='ltr'><strong>Phi-</strong></span> 
     </span>
     <span class='ocr_line' id='line_1_21' title="bbox 1334 372 1841 410; baseline 0.004 -10"><span class='ocrx_word' id='word_1_107' title='bbox 1334 372 1458 409; x_wconf 81' lang='lat' dir='ltr'><strong>lippica,</strong></span> <span class='ocrx_word' id='word_1_108' title='bbox 1482 382 1547 410; x_wconf 59' lang='lat' dir='ltr'><strong>qux·</strong></span> <span class='ocrx_word' id='word_1_109' title='bbox 1564 376 1634 410; x_wconf 81' lang='lat' dir='ltr'><strong>post</strong></span> <span class='ocrx_word' id='word_1_110' title='bbox 1657 373 1782 409; x_wconf 79' lang='lat' dir='ltr'><strong>primum</strong></span> <span class='ocrx_word' id='word_1_111' title='bbox 1799 374 1841 402; x_wconf 73' lang='lat' dir='ltr'><strong>le-</strong></span> 
     </span>
     <span class='ocr_line' id='line_1_22' title="bbox 1330 414 1842 454; baseline 0.006 -12"><span class='ocrx_word' id='word_1_112' title='bbox 1330 414 1415 453; x_wconf 78' lang='lat' dir='ltr'><strong>ge.·is</strong></span> <span class='ocrx_word' id='word_1_113' title='bbox 1424 415 1602 453; x_wconf 76' lang='lat' dir='ltr'><strong>propinqua.</strong></span> <span class='ocrx_word' id='word_1_114' title='bbox 1627 415 1717 445; x_wconf 78' lang='lat' dir='ltr'><strong>Finis</strong></span> <span class='ocrx_word' id='word_1_115' title='bbox 1727 426 1842 454; x_wconf 79' lang='lat' dir='ltr'><strong>quoque</strong></span> 
     </span>
     <span class='ocr_line' id='line_1_23' title="bbox 1335 457 1840 496; baseline 0.006 -12"><span class='ocrx_word' id='word_1_116' title='bbox 1335 457 1417 485; x_wconf 81' lang='lat' dir='ltr'><strong>dirus</strong></span> <span class='ocrx_word' id='word_1_117' title='bbox 1427 457 1551 487; x_wconf 76' lang='lat' dir='ltr'><strong>abstulit</strong></span> <span class='ocrx_word' id='word_1_118' title='bbox 1563 458 1640 487; x_wconf 77' lang='lat' dir='ltr'><strong>hunc</strong></span> <span class='ocrx_word' id='word_1_119' title='bbox 1652 467 1735 496; x_wconf 83' lang='lat' dir='ltr'><strong>quem</strong></span> <span class='ocrx_word' id='word_1_120' title='bbox 1750 460 1773 487; x_wconf 70' lang='lat'><strong>,1</strong></span> <span class='ocrx_word' id='word_1_121' title='bbox 1779 458 1840 487; x_wconf 77' lang='lat' dir='ltr'><strong>tlte·</strong></span> 
     </span>
     <span class='ocr_line' id='line_1_24' title="bbox 1334 501 1840 540; baseline 0.006 -13"><span class='ocrx_word' id='word_1_122' title='bbox 1334 508 1379 528; x_wconf 65' lang='lat' dir='ltr'><strong>nae</strong></span> <span class='ocrx_word' id='word_1_123' title='bbox 1390 503 1551 538; x_wconf 65' lang='lat' dir='ltr'><strong>stupebant</strong></span> <span class='ocrx_word' id='word_1_124' title='bbox 1564 501 1670 540; x_wconf 59' lang='lat' dir='ltr'><strong>rapide</strong></span> <span class='ocrx_word' id='word_1_125' title='bbox 1679 501 1840 539; x_wconf 76' lang='lat' dir='ltr'><strong>stezentem,</strong></span> 
     </span>
     <span class='ocr_line' id='line_1_25' title="bbox 1333 542 1840 581; baseline 0.006 -11"><span class='ocrx_word' id='word_1_126' title='bbox 1333 544 1370 572; x_wconf 73' lang='grc' dir='ltr'><strong>οἰ·</strong></span> <span class='ocrx_word' id='word_1_127' title='bbox 1385 542 1498 572; x_wconf 72' lang='lat' dir='ltr'><strong>tl-eatri</strong></span> <span class='ocrx_word' id='word_1_128' title='bbox 1510 543 1688 581; x_wconf 66' lang='lat' dir='ltr'><strong>frequentis</strong></span> <span class='ocrx_word' id='word_1_129' title='bbox 1708 543 1840 573; x_wconf 67' lang='lat' dir='ltr'><strong>habenas</strong></span> 
     </span>
     <span class='ocr_line' id='line_1_26' title="bbox 1332 585 1837 625; baseline 0.004 -12"><span class='ocrx_word' id='word_1_130' title='bbox 1332 590 1494 625; x_wconf 83' lang='lat' dir='ltr'><strong>regentem.</strong></span> <span class='ocrx_word' id='word_1_131' title='bbox 1538 586 1571 616; x_wconf 90' lang='lat' dir='ltr'><strong>Is</strong></span> <span class='ocrx_word' id='word_1_132' title='bbox 1586 585 1764 616; x_wconf 73' lang='lat' dir='ltr'><strong>Numinibus</strong></span> <span class='ocrx_word' id='word_1_133' title='bbox 1779 587 1837 615; x_wconf 76' lang='lat' dir='ltr'><strong>iru-</strong></span> 
     </span>
     <span class='ocr_line' id='line_1_27' title="bbox 1332 628 1837 669; baseline 0.006 -14"><span class='ocrx_word' id='word_1_134' title='bbox 1332 628 1372 656; x_wconf 83' lang='lat' dir='ltr'><strong>tis</strong></span> <span class='ocrx_word' id='word_1_135' title='bbox 1400 629 1423 665; x_wconf 65' lang='lat' dir='ltr'><strong>‘S&#39;</strong></span> <span class='ocrx_word' id='word_1_136' title='bbox 1451 629 1588 669; x_wconf 66' lang='lat' dir='ltr'><strong>maligna</strong></span> <span class='ocrx_word' id='word_1_137' title='bbox 1626 634 1706 658; x_wconf 81' lang='lat' dir='ltr'><strong>sorte</strong></span> <span class='ocrx_word' id='word_1_138' title='bbox 1735 633 1837 667; x_wconf 65' lang='lat' dir='ltr'><strong>vatus,</strong></span> 
     </span>
     <span class='ocr_line' id='line_1_28' title="bbox 1331 672 1838 709; baseline 0.006 -11"><span class='ocrx_word' id='word_1_139' title='bbox 1331 679 1415 707; x_wconf 84' lang='lat' dir='ltr'><strong>quem</strong></span> <span class='ocrx_word' id='word_1_140' title='bbox 1424 681 1536 708; x_wconf 80' lang='lat' dir='ltr'><strong>parens</strong></span> <span class='ocrx_word' id='word_1_141' title='bbox 1548 672 1588 701; x_wconf 94' lang='lat' dir='ltr'><strong>ob</strong></span> <span class='ocrx_word' id='word_1_142' title='bbox 1602 672 1838 709; x_wconf 72' lang='lat' dir='ltr'><strong>massaejerzen·</strong></span> 
     </span>
     <span class='ocr_line' id='line_1_29' title="bbox 1334 713 1836 754; baseline 0.006 -14"><span class='ocrx_word' id='word_1_143' title='bbox 1334 713 1375 741; x_wconf 84' lang='lat' dir='ltr'><strong>tis</strong></span> <span class='ocrx_word' id='word_1_144' title='bbox 1392 714 1559 754; x_wconf 65' lang='lat' dir='ltr'><strong>‚fuliginem</strong></span> <span class='ocrx_word' id='word_1_145' title='bbox 1579 715 1689 753; x_wconf 80' lang='lat' dir='ltr'><strong>lippu.s,</strong></span> <span class='ocrx_word' id='word_1_146' title='bbox 1723 717 1742 745; x_wconf 84' lang='grc' dir='ltr'><em>ἀ</em></span> <span class='ocrx_word' id='word_1_147' title='bbox 1769 725 1836 744; x_wconf 87' lang='lat' dir='ltr'><strong>car-</strong></span> 
     </span>
     <span class='ocr_line' id='line_1_30' title="bbox 1733 757 1834 798; baseline 0.04 -12"><span class='ocrx_word' id='word_1_148' title='bbox 1733 757 1834 798; x_wconf 70' lang='lat' dir='ltr'><strong>Spolia</strong></span> 
     </span>
    </p>
   </div>
   <div class='ocr_carea' id='block_1_10' title="bbox 924 899 1051 909">
    <p class='ocr_par' dir='ltr' id='par_1_11' title="bbox 924 899 1051 909">
     <span class='ocr_line' id='line_1_31' title="bbox 924 899 1051 909; baseline 0 2372"><span class='ocrx_word' id='word_1_149' title='bbox 924 899 1051 909; x_wconf 95' lang='lat' dir='ltr'><strong> </strong></span> 
     </span>
    </p>
   </div>
   <div class='ocr_carea' id='block_1_11' title="bbox 98 972 958 3017">
    <p class='ocr_par' dir='ltr' id='par_1_12' title="bbox 122 972 958 1646">
     <span class='ocr_line' id='line_1_32' title="bbox 132 972 958 1012; baseline 0.001 -10"><span class='ocrx_word' id='word_1_150' title='bbox 132 973 264 1011; x_wconf 86' lang='lat' dir='ltr'><strong>ratione,</strong></span> <span class='ocrx_word' id='word_1_151' title='bbox 289 973 316 1003; x_wconf 68' lang='grc' dir='ltr'><strong>δι</strong></span> <span class='ocrx_word' id='word_1_152' title='bbox 332 973 474 1004; x_wconf 81' lang='lat' dir='ltr'><strong>libertate</strong></span> <span class='ocrx_word' id='word_1_153' title='bbox 490 973 638 1010; x_wconf 70' lang='lat' dir='ltr'><strong>stabilita,</strong></span> <span class='ocrx_word' id='word_1_154' title='bbox 662 972 719 1003; x_wconf 89' lang='lat' dir='ltr'><strong>sibi</strong></span> <span class='ocrx_word' id='word_1_155' title='bbox 743 973 810 1012; x_wconf 87' lang='lat' dir='ltr'><strong>ipse</strong></span> <span class='ocrx_word' id='word_1_156' title='bbox 826 973 859 1002; x_wconf 89' lang='lat' dir='ltr'><strong>in</strong></span> <span class='ocrx_word' id='word_1_157' title='bbox 872 972 958 1003; x_wconf 88' lang='lat' dir='ltr'><strong>Con·</strong></span> 
     </span>
     <span class='ocr_line' id='line_1_33' title="bbox 130 1015 956 1054; baseline 0.002 -10"><span class='ocrx_word' id='word_1_158' title='bbox 130 1016 238 1046; x_wconf 90' lang='lat' dir='ltr'><strong>sulatu</strong></span> <span class='ocrx_word' id='word_1_159' title='bbox 251 1017 476 1054; x_wconf 72' lang='lat' dir='ltr'><strong>applaudebat.</strong></span> <span class='ocrx_word' id='word_1_160' title='bbox 521 1015 665 1046; x_wconf 90' lang='lat' dir='ltr'><strong>Turneb.</strong></span> <span class='ocrx_word' id='word_1_161' title='bbox 692 1016 735 1045; x_wconf 91' lang='lat' dir='ltr'><strong>lib</strong></span> <span class='ocrx_word' id='word_1_162' title='bbox 765 1017 794 1046; x_wconf 91' lang='lat'><strong>7.</strong></span> <span class='ocrx_word' id='word_1_163' title='bbox 817 1025 887 1054; x_wconf 86' lang='lat' dir='ltr'><strong>cap.</strong></span> <span class='ocrx_word' id='word_1_164' title='bbox 906 1016 956 1046; x_wconf 87' lang='lat'><strong>19.</strong></span> 
     </span>
     <span class='ocr_line' id='line_1_34' title="bbox 133 1056 956 1099; baseline 0.001 -13"><span class='ocrx_word' id='word_1_165' title='bbox 133 1056 240 1088; x_wconf 78' lang='lat' dir='ltr'><strong>Versus</strong></span> <span class='ocrx_word' id='word_1_166' title='bbox 267 1058 334 1098; x_wconf 78' lang='lat' dir='ltr'><strong>ille,</strong></span> <span class='ocrx_word' id='word_1_167' title='bbox 357 1060 475 1099; x_wconf 83' lang='lat' dir='ltr'><strong>inquit,</strong></span> <span class='ocrx_word' id='word_1_168' title='bbox 498 1058 728 1088; x_wconf 82' lang='lat' dir='ltr'><strong>obtrectatorum</strong></span> <span class='ocrx_word' id='word_1_169' title='bbox 755 1057 910 1088; x_wconf 73' lang='lat' dir='ltr'><strong>Ciceronis</strong></span> <span class='ocrx_word' id='word_1_170' title='bbox 934 1060 956 1097; x_wconf 57' lang='grc' dir='ltr'>ξ</span> 
     </span>
     <span class='ocr_line' id='line_1_35' title="bbox 128 1099 956 1132; baseline 0.002 -4"><span class='ocrx_word' id='word_1_171' title='bbox 128 1099 293 1131; x_wconf 75' lang='lat' dir='ltr'><strong>invidorum</strong></span> <span class='ocrx_word' id='word_1_172' title='bbox 320 1102 482 1132; x_wconf 76' lang='lat' dir='ltr'><strong>virulentos</strong></span> <span class='ocrx_word' id='word_1_173' title='bbox 507 1111 620 1131; x_wconf 84' lang='lat' dir='ltr'><strong>morsus</strong></span> <span class='ocrx_word' id='word_1_174' title='bbox 643 1101 674 1130; x_wconf 86' lang='lat' dir='ltr'><strong>in</strong></span> <span class='ocrx_word' id='word_1_175' title='bbox 698 1111 763 1130; x_wconf 78' lang='lat' dir='ltr'><strong>eum</strong></span> <span class='ocrx_word' id='word_1_176' title='bbox 789 1101 956 1131; x_wconf 64' lang='lat' dir='ltr'><strong>excitat-it.-</strong></span> 
     </span>
     <span class='ocr_line' id='line_1_36' title="bbox 128 1144 952 1182; baseline 0.004 -11"><span class='ocrx_word' id='word_1_177' title='bbox 128 1151 180 1172; x_wconf 79' lang='grc' dir='ltr'>πε(-</span> <span class='ocrx_word' id='word_1_178' title='bbox 196 1148 240 1173; x_wconf 84' lang='lat' dir='ltr'><strong>est</strong></span> <span class='ocrx_word' id='word_1_179' title='bbox 256 1145 335 1182; x_wconf 82' lang='lat' dir='ltr'><strong>quod</strong></span> <span class='ocrx_word' id='word_1_180' title='bbox 351 1146 370 1174; x_wconf 79' lang='grc' dir='ltr'><em>ἁ</em></span> <span class='ocrx_word' id='word_1_181' title='bbox 389 1144 519 1178; x_wconf 77' lang='lat' dir='ltr'><strong>Quintil.</strong></span> <span class='ocrx_word' id='word_1_182' title='bbox 532 1145 586 1174; x_wconf 91' lang='lat' dir='ltr'><strong>lib.</strong></span> <span class='ocrx_word' id='word_1_183' title='bbox 600 1145 630 1175; x_wconf 86' lang='lat'><strong>9.</strong></span> <span class='ocrx_word' id='word_1_184' title='bbox 655 1154 726 1182; x_wconf 88' lang='lat' dir='ltr'><strong>cap.</strong></span> <span class='ocrx_word' id='word_1_185' title='bbox 745 1146 774 1174; x_wconf 78' lang='lat'><strong>4.</strong></span> <span class='ocrx_word' id='word_1_186' title='bbox 792 1145 839 1173; x_wconf 78' lang='lat' dir='ltr'><strong>vel</strong></span> <span class='ocrx_word' id='word_1_187' title='bbox 853 1144 872 1172; x_wconf 85' lang='grc' dir='ltr'>ἀ</span> <span class='ocrx_word' id='word_1_188' title='bbox 892 1144 952 1174; x_wconf 74' lang='lat' dir='ltr'><strong>Ju-</strong></span> 
     </span>
     <span class='ocr_line' id='line_1_37' title="bbox 128 1187 954 1217; baseline 0.002 -3"><span class='ocrx_word' id='word_1_189' title='bbox 128 1188 231 1216; x_wconf 70' lang='lat' dir='ltr'><strong>venale</strong></span> <span class='ocrx_word' id='word_1_190' title='bbox 248 1188 312 1216; x_wconf 84' lang='lat' dir='ltr'><strong>Sat.</strong></span> <span class='ocrx_word' id='word_1_191' title='bbox 330 1190 378 1217; x_wconf 84' lang='lat'><strong>10.</strong></span> <span class='ocrx_word' id='word_1_192' title='bbox 398 1188 562 1217; x_wconf 75' lang='lat' dir='ltr'><strong>irrideatur</strong></span> <span class='ocrx_word' id='word_1_193' title='bbox 577 1187 612 1215; x_wconf 86' lang='lat' dir='ltr'><strong>ob</strong></span> <span class='ocrx_word' id='word_1_194' title='bbox 634 1187 822 1216; x_wconf 73' lang='lat' dir='ltr'><strong>iterationem</strong></span> <span class='ocrx_word' id='word_1_195' title='bbox 837 1196 954 1216; x_wconf 84' lang='lat' dir='ltr'><strong>eurum-</strong></span> 
     </span>
     <span class='ocr_line' id='line_1_38' title="bbox 127 1228 953 1268; baseline 0.004 -12"><span class='ocrx_word' id='word_1_196' title='bbox 127 1228 192 1257; x_wconf 87' lang='lat' dir='ltr'><strong>dem</strong></span> <span class='ocrx_word' id='word_1_197' title='bbox 207 1229 413 1268; x_wconf 77' lang='lat' dir='ltr'><strong>syllabarum.-</strong></span> <span class='ocrx_word' id='word_1_198' title='bbox 436 1230 490 1260; x_wconf 71' lang='lat' dir='ltr'><strong>hoc</strong></span> <span class='ocrx_word' id='word_1_199' title='bbox 510 1230 586 1259; x_wconf 83' lang='lat' dir='ltr'><strong>enim</strong></span> <span class='ocrx_word' id='word_1_200' title='bbox 610 1230 640 1259; x_wconf 82' lang='lat' dir='ltr'><strong>in</strong></span> <span class='ocrx_word' id='word_1_201' title='bbox 665 1229 780 1258; x_wconf 85' lang='lat' dir='ltr'><strong>deliciis</strong></span> <span class='ocrx_word' id='word_1_202' title='bbox 804 1228 953 1259; x_wconf 76' lang='lat' dir='ltr'><strong>habebant</strong></span> 
     </span>
     <span class='ocr_line' id='line_1_39' title="bbox 127 1272 952 1310; baseline 0.002 -11"><span class='ocrx_word' id='word_1_203' title='bbox 127 1275 239 1301; x_wconf 77' lang='lat' dir='ltr'><strong>veteres</strong></span> <span class='ocrx_word' id='word_1_204' title='bbox 285 1295 291 1301; x_wconf 91' lang='lat'><strong>.</strong></span> <span class='ocrx_word' id='word_1_205' title='bbox 337 1295 344 1302; x_wconf 89' lang='lat'><strong>.</strong></span> <span class='ocrx_word' id='word_1_206' title='bbox 394 1296 400 1302; x_wconf 91' lang='lat'><strong>.</strong></span> <span class='ocrx_word' id='word_1_207' title='bbox 447 1296 455 1303; x_wconf 89' lang='lat'><strong>.</strong></span> <span class='ocrx_word' id='word_1_208' title='bbox 506 1295 513 1301; x_wconf 87' lang='lat'><strong>.</strong></span> <span class='ocrx_word' id='word_1_209' title='bbox 561 1295 568 1302; x_wconf 84' lang='lat'><strong>.</strong></span> <span class='ocrx_word' id='word_1_210' title='bbox 614 1296 621 1302; x_wconf 89' lang='lat'><strong>.</strong></span> <span class='ocrx_word' id='word_1_211' title='bbox 666 1276 697 1301; x_wconf 85' lang='lat' dir='ltr'><strong>at</strong></span> <span class='ocrx_word' id='word_1_212' title='bbox 708 1272 952 1310; x_wconf 72' lang='lat' dir='ltr'><strong>posteritassas-</strong></span> 
     </span>
     <span class='ocr_line' id='line_1_40' title="bbox 126 1313 951 1354; baseline 0.005 -14"><span class='ocrx_word' id='word_1_213' title='bbox 126 1313 224 1352; x_wconf 74' lang='lat' dir='ltr'><strong>tidiit,</strong></span> <span class='ocrx_word' id='word_1_214' title='bbox 248 1325 312 1354; x_wconf 76' lang='lat' dir='ltr'><strong>qua:</strong></span> <span class='ocrx_word' id='word_1_215' title='bbox 335 1317 425 1346; x_wconf 80' lang='lat' dir='ltr'><strong>multo</strong></span> <span class='ocrx_word' id='word_1_216' title='bbox 445 1315 583 1354; x_wconf 53' lang='lat' dir='ltr'><strong>putidius</strong></span> <span class='ocrx_word' id='word_1_217' title='bbox 598 1317 621 1353; x_wconf 70' lang='lat' dir='ltr'><strong>‘S&#39;</strong></span> <span class='ocrx_word' id='word_1_218' title='bbox 644 1314 775 1353; x_wconf 63' lang='lat' dir='ltr'><strong>ineptius</strong></span> <span class='ocrx_word' id='word_1_219' title='bbox 796 1315 899 1344; x_wconf 83' lang='lat' dir='ltr'><strong>multis</strong></span> <span class='ocrx_word' id='word_1_220' title='bbox 919 1315 951 1344; x_wconf 86' lang='lat' dir='ltr'><strong>in</strong></span> 
     </span>
     <span class='ocr_line' id='line_1_41' title="bbox 124 1356 951 1396; baseline 0.004 -12"><span class='ocrx_word' id='word_1_221' title='bbox 124 1356 213 1386; x_wconf 75' lang='lat' dir='ltr'><strong>rebus</strong></span> <span class='ocrx_word' id='word_1_222' title='bbox 241 1357 383 1396; x_wconf 79' lang='lat' dir='ltr'><strong>Iasciz-iit,</strong></span> <span class='ocrx_word' id='word_1_223' title='bbox 419 1360 476 1389; x_wconf 66' lang='lat' dir='ltr'><strong>dcc.</strong></span> <span class='ocrx_word' id='word_1_224' title='bbox 524 1358 617 1389; x_wconf 75' lang='lat' dir='ltr'><strong>Certe</strong></span> <span class='ocrx_word' id='word_1_225' title='bbox 647 1357 729 1387; x_wconf 80' lang='lat' dir='ltr'><strong>idem</strong></span> <span class='ocrx_word' id='word_1_226' title='bbox 759 1357 885 1386; x_wconf 87' lang='lat' dir='ltr'><strong>Tullius</strong></span> <span class='ocrx_word' id='word_1_227' title='bbox 911 1359 951 1387; x_wconf 89' lang='lat' dir='ltr'><strong>ad</strong></span> 
     </span>
     <span class='ocr_line' id='line_1_42' title="bbox 125 1396 947 1439; baseline 0.004 -12"><span class='ocrx_word' id='word_1_228' title='bbox 125 1396 264 1430; x_wconf 85' lang='lat' dir='ltr'><strong>Brutum</strong></span> <span class='ocrx_word' id='word_1_229' title='bbox 280 1401 427 1439; x_wconf 87' lang='lat' dir='ltr'><strong>scribens,</strong></span> <span class='ocrx_word' id='word_1_230' title='bbox 450 1411 496 1431; x_wconf 85' lang='lat' dir='ltr'><strong>res</strong></span> <span class='ocrx_word' id='word_1_231' title='bbox 511 1399 582 1430; x_wconf 79' lang='lat' dir='ltr'><strong>mihi</strong></span> <span class='ocrx_word' id='word_1_232' title='bbox 596 1401 698 1430; x_wconf 78' lang='lat' dir='ltr'><strong>invisae</strong></span> <span class='ocrx_word' id='word_1_233' title='bbox 711 1399 782 1429; x_wconf 76' lang='lat' dir='ltr'><strong>visae</strong></span> <span class='ocrx_word' id='word_1_234' title='bbox 794 1404 878 1437; x_wconf 82' lang='lat' dir='ltr'><strong>sunt,</strong></span> <span class='ocrx_word' id='word_1_235' title='bbox 903 1401 947 1430; x_wconf 91' lang='lat' dir='ltr'><strong>in-</strong></span> 
     </span>
     <span class='ocr_line' id='line_1_43' title="bbox 124 1441 950 1480; baseline 0.004 -10"><span class='ocrx_word' id='word_1_236' title='bbox 124 1441 215 1478; x_wconf 86' lang='lat' dir='ltr'><strong>quit:</strong></span> <span class='ocrx_word' id='word_1_237' title='bbox 240 1444 269 1472; x_wconf 83' lang='lat'>&amp;</span> <span class='ocrx_word' id='word_1_238' title='bbox 285 1443 325 1473; x_wconf 86' lang='lat' dir='ltr'><strong>de</strong></span> <span class='ocrx_word' id='word_1_239' title='bbox 347 1445 464 1474; x_wconf 86' lang='lat' dir='ltr'><strong>amicit.</strong></span> <span class='ocrx_word' id='word_1_240' title='bbox 507 1444 556 1473; x_wconf 81' lang='lat' dir='ltr'><strong>Eo</strong></span> <span class='ocrx_word' id='word_1_241' title='bbox 581 1443 645 1472; x_wconf 83' lang='lat' dir='ltr'><strong>loco</strong></span> <span class='ocrx_word' id='word_1_242' title='bbox 670 1442 762 1472; x_wconf 83' lang='lat' dir='ltr'><strong>locati</strong></span> <span class='ocrx_word' id='word_1_243' title='bbox 785 1452 896 1480; x_wconf 83' lang='lat' dir='ltr'><strong>sumus,</strong></span> <span class='ocrx_word' id='word_1_244' title='bbox 921 1445 950 1474; x_wconf 73' lang='lat' dir='ltr'><strong>Sc</strong></span> 
     </span>
     <span class='ocr_line' id='line_1_44' title="bbox 122 1482 950 1524; baseline 0.004 -12"><span class='ocrx_word' id='word_1_245' title='bbox 122 1482 237 1524; x_wconf 77' lang='lat' dir='ltr'><strong>virgil.</strong></span> <span class='ocrx_word' id='word_1_246' title='bbox 252 1484 378 1516; x_wconf 87' lang='lat' dir='ltr'><strong>AEneid.</strong></span> <span class='ocrx_word' id='word_1_247' title='bbox 391 1488 420 1516; x_wconf 77' lang='lat'><strong>3,</strong></span> <span class='ocrx_word' id='word_1_248' title='bbox 448 1486 538 1517; x_wconf 87' lang='lat' dir='ltr'><strong>Tales</strong></span> <span class='ocrx_word' id='word_1_249' title='bbox 562 1496 649 1516; x_wconf 79' lang='lat' dir='ltr'><strong>casus</strong></span> <span class='ocrx_word' id='word_1_250' title='bbox 666 1485 839 1515; x_wconf 82' lang='lat' dir='ltr'><strong>Cassandra</strong></span> <span class='ocrx_word' id='word_1_251' title='bbox 860 1495 950 1515; x_wconf 86' lang='lat' dir='ltr'><strong>cane-</strong></span> 
     </span>
     <span class='ocr_line' id='line_1_45' title="bbox 123 1524 949 1567; baseline 0.005 -13"><span class='ocrx_word' id='word_1_252' title='bbox 123 1524 185 1555; x_wconf 83' lang='lat' dir='ltr'><strong>bat.</strong></span> <span class='ocrx_word' id='word_1_253' title='bbox 231 1528 286 1558; x_wconf 87' lang='lat' dir='ltr'><strong>An</strong></span> <span class='ocrx_word' id='word_1_254' title='bbox 299 1530 373 1559; x_wconf 78' lang='lat' dir='ltr'><strong>vero</strong></span> <span class='ocrx_word' id='word_1_255' title='bbox 395 1531 530 1560; x_wconf 81' lang='lat' dir='ltr'><strong>summis</strong></span> <span class='ocrx_word' id='word_1_256' title='bbox 545 1529 606 1559; x_wconf 86' lang='lat' dir='ltr'><strong>illis</strong></span> <span class='ocrx_word' id='word_1_257' title='bbox 621 1527 778 1558; x_wconf 88' lang='lat' dir='ltr'><strong>scribendi</strong></span> <span class='ocrx_word' id='word_1_258' title='bbox 794 1529 949 1567; x_wconf 80' lang='lat' dir='ltr'><strong>magistris</strong></span> 
     </span>
     <span class='ocr_line' id='line_1_46' title="bbox 122 1570 948 1612; baseline 0.005 -15"><span class='ocrx_word' id='word_1_259' title='bbox 122 1577 159 1597; x_wconf 87' lang='lat' dir='ltr'><strong>ea</strong></span> <span class='ocrx_word' id='word_1_260' title='bbox 174 1571 291 1600; x_wconf 74' lang='lat' dir='ltr'><strong>temere</strong></span> <span class='ocrx_word' id='word_1_261' title='bbox 307 1572 458 1602; x_wconf 83' lang='lat' dir='ltr'><strong>excidisse</strong></span> <span class='ocrx_word' id='word_1_262' title='bbox 480 1574 661 1612; x_wconf 85' lang='lat' dir='ltr'><strong>putandum</strong></span> <span class='ocrx_word' id='word_1_263' title='bbox 676 1576 736 1609; x_wconf 89' lang='lat' dir='ltr'><strong>est,</strong></span> <span class='ocrx_word' id='word_1_264' title='bbox 759 1570 846 1609; x_wconf 89' lang='lat' dir='ltr'><strong>quod</strong></span> <span class='ocrx_word' id='word_1_265' title='bbox 867 1570 948 1601; x_wconf 79' lang='lat' dir='ltr'><strong>affir-</strong></span> 
     </span>
     <span class='ocr_line' id='line_1_47' title="bbox 123 1612 562 1646; baseline 0.007 -5"><span class='ocrx_word' id='word_1_266' title='bbox 123 1618 191 1641; x_wconf 89' lang='lat' dir='ltr'><strong>mat</strong></span> <span class='ocrx_word' id='word_1_267' title='bbox 205 1612 344 1645; x_wconf 82' lang='lat' dir='ltr'><strong>Quintil.</strong></span> <span class='ocrx_word' id='word_1_268' title='bbox 360 1615 430 1646; x_wconf 84' lang='lat' dir='ltr'><strong>loco</strong></span> <span class='ocrx_word' id='word_1_269' title='bbox 445 1615 562 1646; x_wconf 82' lang='lat' dir='ltr'><strong>citato?</strong></span> 
     </span>
    </p>

    <p class='ocr_par' dir='ltr' id='par_1_13' title="bbox 116 1655 948 1824">
     <span class='ocr_line' id='line_1_48' title="bbox 177 1655 948 1699; baseline 0.005 -16"><span class='ocrx_word' id='word_1_270' title='bbox 177 1655 250 1685; x_wconf 79' lang='lat'><strong>123.</strong></span> <span class='ocrx_word' id='word_1_271' title='bbox 296 1656 411 1686; x_wconf 74' lang='lat' dir='ltr'><strong>Antoni</strong></span> <span class='ocrx_word' id='word_1_272' title='bbox 444 1659 568 1698; x_wconf 75' lang='lat' dir='ltr'><strong>gladios</strong></span> <span class='ocrx_word' id='word_1_273' title='bbox 598 1657 700 1698; x_wconf 77' lang='lat' dir='ltr'><strong>potuit</strong></span> <span class='ocrx_word' id='word_1_274' title='bbox 742 1656 948 1699; x_wconf 82' lang='lat' dir='ltr'><strong>contemnere]</strong></span> 
     </span>
     <span class='ocr_line' id='line_1_49' title="bbox 119 1695 947 1739; baseline 0.006 -14"><span class='ocrx_word' id='word_1_275' title='bbox 119 1695 259 1736; x_wconf 86' lang='lat' dir='ltr'><strong>Sumpta</strong></span> <span class='ocrx_word' id='word_1_276' title='bbox 283 1707 325 1729; x_wconf 84' lang='lat' dir='ltr'><strong>ex</strong></span> <span class='ocrx_word' id='word_1_277' title='bbox 354 1701 421 1739; x_wconf 89' lang='lat' dir='ltr'><strong>ipso</strong></span> <span class='ocrx_word' id='word_1_278' title='bbox 445 1701 555 1731; x_wconf 90' lang='lat' dir='ltr'><strong>Tullio</strong></span> <span class='ocrx_word' id='word_1_279' title='bbox 579 1702 674 1731; x_wconf 86' lang='lat' dir='ltr'><strong>verba</strong></span> <span class='ocrx_word' id='word_1_280' title='bbox 697 1700 811 1738; x_wconf 78' lang='lat' dir='ltr'><strong>Philip.</strong></span> <span class='ocrx_word' id='word_1_281' title='bbox 834 1701 865 1729; x_wconf 82' lang='lat'><strong>2.</strong></span> <span class='ocrx_word' id='word_1_282' title='bbox 892 1701 947 1730; x_wconf 91' lang='lat' dir='ltr'><strong>ubi</strong></span> 
     </span>
     <span class='ocr_line' id='line_1_50' title="bbox 116 1742 945 1782; baseline 0.007 -15"><span class='ocrx_word' id='word_1_283' title='bbox 116 1747 266 1776; x_wconf 87' lang='lat' dir='ltr'><strong>perorans</strong></span> <span class='ocrx_word' id='word_1_284' title='bbox 294 1743 338 1772; x_wconf 83' lang='lat' dir='ltr'><strong>ita</strong></span> <span class='ocrx_word' id='word_1_285' title='bbox 363 1743 487 1774; x_wconf 82' lang='lat' dir='ltr'><strong>scribit:</strong></span> <span class='ocrx_word' id='word_1_286' title='bbox 522 1743 695 1782; x_wconf 81' lang='lat' dir='ltr'><strong>Contempsi</strong></span> <span class='ocrx_word' id='word_1_287' title='bbox 714 1742 858 1772; x_wconf 69' lang='lat' dir='ltr'><strong>Catilinae</strong></span> <span class='ocrx_word' id='word_1_288' title='bbox 875 1745 945 1782; x_wconf 85' lang='lat' dir='ltr'><strong>gla-</strong></span> 
     </span>
     <span class='ocr_line' id='line_1_51' title="bbox 117 1781 658 1824; baseline 0.013 -15"><span class='ocrx_word' id='word_1_289' title='bbox 117 1781 194 1820; x_wconf 83' lang='lat' dir='ltr'><strong>dios,</strong></span> <span class='ocrx_word' id='word_1_290' title='bbox 218 1793 274 1813; x_wconf 83' lang='lat' dir='ltr'><strong>non</strong></span> <span class='ocrx_word' id='word_1_291' title='bbox 286 1786 494 1823; x_wconf 77' lang='lat' dir='ltr'><strong>pertimescam</strong></span> <span class='ocrx_word' id='word_1_292' title='bbox 510 1790 587 1824; x_wconf 86' lang='lat' dir='ltr'><strong>tuos,</strong></span> <span class='ocrx_word' id='word_1_293' title='bbox 601 1788 658 1816; x_wconf 66' lang='lat' dir='ltr'><strong>&amp;e</strong></span> 
     </span>
    </p>

    <p class='ocr_par' dir='ltr' id='par_1_14' title="bbox 116 1824 946 1950">
     <span class='ocr_line' id='line_1_52' title="bbox 156 1824 944 1867; baseline 0.008 -13"><span class='ocrx_word' id='word_1_294' title='bbox 156 1824 192 1853; x_wconf 88' lang='lat' dir='ltr'><strong>Si</strong></span> <span class='ocrx_word' id='word_1_295' title='bbox 202 1826 247 1856; x_wconf 80' lang='lat' dir='ltr'><strong>sic</strong></span> <span class='ocrx_word' id='word_1_296' title='bbox 260 1828 358 1857; x_wconf 86' lang='lat' dir='ltr'><strong>omnia</strong></span> <span class='ocrx_word' id='word_1_297' title='bbox 374 1828 516 1867; x_wconf 64' lang='lat' dir='ltr'><strong>divisset]</strong></span> <span class='ocrx_word' id='word_1_298' title='bbox 549 1830 582 1859; x_wconf 89' lang='lat' dir='ltr'><strong>Si</strong></span> <span class='ocrx_word' id='word_1_299' title='bbox 597 1835 663 1859; x_wconf 86' lang='lat' dir='ltr'><strong>tam</strong></span> <span class='ocrx_word' id='word_1_300' title='bbox 679 1826 852 1865; x_wconf 74' lang='lat' dir='ltr'><strong>incondite,</strong></span> <span class='ocrx_word' id='word_1_301' title='bbox 878 1833 944 1860; x_wconf 87' lang='lat' dir='ltr'><strong>tam</strong></span> 
     </span>
     <span class='ocr_line' id='line_1_53' title="bbox 116 1865 946 1909; baseline 0.01 -13"><span class='ocrx_word' id='word_1_302' title='bbox 116 1865 224 1906; x_wconf 77' lang='lat' dir='ltr'><strong>inepte</strong></span> <span class='ocrx_word' id='word_1_303' title='bbox 252 1877 362 1900; x_wconf 78' lang='lat' dir='ltr'><strong>caetera</strong></span> <span class='ocrx_word' id='word_1_304' title='bbox 392 1871 537 1908; x_wconf 74' lang='lat' dir='ltr'><strong>dixisset,</strong></span> <span class='ocrx_word' id='word_1_305' title='bbox 565 1882 632 1902; x_wconf 90' lang='lat' dir='ltr'><strong>non</strong></span> <span class='ocrx_word' id='word_1_306' title='bbox 658 1871 799 1909; x_wconf 83' lang='lat' dir='ltr'><strong>periisset</strong></span> <span class='ocrx_word' id='word_1_307' title='bbox 818 1870 946 1903; x_wconf 85' lang='lat' dir='ltr'><strong>Tullius</strong></span> 
     </span>
     <span class='ocr_line' id='line_1_54' title="bbox 116 1908 804 1950; baseline 0.007 -12"><span class='ocrx_word' id='word_1_308' title='bbox 116 1908 155 1939; x_wconf 85' lang='lat' dir='ltr'><strong>ab</strong></span> <span class='ocrx_word' id='word_1_309' title='bbox 173 1910 319 1942; x_wconf 88' lang='lat' dir='ltr'><strong>Antonio</strong></span> <span class='ocrx_word' id='word_1_310' title='bbox 335 1923 369 1943; x_wconf 90' lang='lat' dir='ltr'><strong>se</strong></span> <span class='ocrx_word' id='word_1_311' title='bbox 384 1915 558 1944; x_wconf 87' lang='lat' dir='ltr'><strong>ulciscente</strong></span> <span class='ocrx_word' id='word_1_312' title='bbox 573 1914 671 1944; x_wconf 87' lang='lat' dir='ltr'><strong>occidi</strong></span> <span class='ocrx_word' id='word_1_313' title='bbox 686 1915 804 1950; x_wconf 79' lang='lat' dir='ltr'><strong>jussuS.</strong></span> 
     </span>
    </p>

    <p class='ocr_par' dir='ltr' id='par_1_15' title="bbox 106 1952 943 2375">
     <span class='ocr_line' id='line_1_55' title="bbox 160 1952 943 1998; baseline 0.008 -16"><span class='ocrx_word' id='word_1_314' title='bbox 160 1952 230 1983; x_wconf 70' lang='lat'><strong>124,</strong></span> <span class='ocrx_word' id='word_1_315' title='bbox 255 1953 395 1985; x_wconf 77' lang='lat' dir='ltr'><strong>Ridenc&#39;a</strong></span> <span class='ocrx_word' id='word_1_316' title='bbox 407 1960 549 1996; x_wconf 67' lang='lat' dir='ltr'><strong>poemata</strong></span> <span class='ocrx_word' id='word_1_317' title='bbox 565 1954 660 1998; x_wconf 84' lang='lat' dir='ltr'><strong>malo]</strong></span> <span class='ocrx_word' id='word_1_318' title='bbox 687 1956 819 1986; x_wconf 83' lang='lat' dir='ltr'><strong>Mallem</strong></span> <span class='ocrx_word' id='word_1_319' title='bbox 836 1957 943 1988; x_wconf 87' lang='lat' dir='ltr'><strong>subire</strong></span> 
     </span>
     <span class='ocr_line' id='line_1_56' title="bbox 111 1992 938 2038; baseline 0.011 -16"><span class='ocrx_word' id='word_1_320' title='bbox 111 1992 286 2026; x_wconf 87' lang='lat' dir='ltr'><strong>ludibrium</strong></span> <span class='ocrx_word' id='word_1_321' title='bbox 311 1999 393 2028; x_wconf 76' lang='lat' dir='ltr'><strong>male</strong></span> <span class='ocrx_word' id='word_1_322' title='bbox 414 2001 577 2029; x_wconf 86' lang='lat' dir='ltr'><strong>scribendo</strong></span> <span class='ocrx_word' id='word_1_323' title='bbox 601 2001 651 2029; x_wconf 82' lang='lat' dir='ltr'><strong>vel</strong></span> <span class='ocrx_word' id='word_1_324' title='bbox 675 1997 822 2036; x_wconf 88' lang='lat' dir='ltr'><strong>dicendo,</strong></span> <span class='ocrx_word' id='word_1_325' title='bbox 839 2000 938 2038; x_wconf 75' lang='lat' dir='ltr'><strong>quam</strong></span> 
     </span>
     <span class='ocr_line' id='line_1_57' title="bbox 113 2038 937 2081; baseline 0.011 -17"><span class='ocrx_word' id='word_1_326' title='bbox 113 2038 226 2074; x_wconf 86' lang='lat' dir='ltr'><strong>capitis</strong></span> <span class='ocrx_word' id='word_1_327' title='bbox 242 2040 434 2079; x_wconf 87' lang='lat' dir='ltr'><strong>periculum,</strong></span> <span class='ocrx_word' id='word_1_328' title='bbox 447 2050 510 2072; x_wconf 85' lang='lat' dir='ltr'><strong>tam</strong></span> <span class='ocrx_word' id='word_1_329' title='bbox 523 2041 638 2072; x_wconf 72' lang='lat' dir='ltr'><strong>diserte</strong></span> <span class='ocrx_word' id='word_1_330' title='bbox 650 2041 821 2081; x_wconf 89' lang='lat' dir='ltr'><strong>loquendo.</strong></span> <span class='ocrx_word' id='word_1_331' title='bbox 868 2042 937 2073; x_wconf 84' lang='lat' dir='ltr'><strong>Cae-</strong></span> 
     </span>
     <span class='ocr_line' id='line_1_58' title="bbox 112 2079 936 2123; baseline 0.011 -17"><span class='ocrx_word' id='word_1_332' title='bbox 112 2079 214 2109; x_wconf 78' lang='lat' dir='ltr'><strong>terum</strong></span> <span class='ocrx_word' id='word_1_333' title='bbox 241 2082 269 2109; x_wconf 66' lang='lat'><strong>8&lt;</strong></span> <span class='ocrx_word' id='word_1_334' title='bbox 295 2091 433 2113; x_wconf 45' lang='lat' dir='ltr'><strong>carmina</strong></span> <span class='ocrx_word' id='word_1_335' title='bbox 447 2085 635 2123; x_wconf 72' lang='lat' dir='ltr'><strong>scriptitasse</strong></span> <span class='ocrx_word' id='word_1_336' title='bbox 658 2094 691 2113; x_wconf 87' lang='lat' dir='ltr'><strong>se</strong></span> <span class='ocrx_word' id='word_1_337' title='bbox 713 2091 845 2114; x_wconf 87' lang='lat' dir='ltr'><strong>testatur</strong></span> <span class='ocrx_word' id='word_1_338' title='bbox 868 2085 936 2123; x_wconf 89' lang='lat' dir='ltr'><strong>ipse</strong></span> 
     </span>
     <span class='ocr_line' id='line_1_59' title="bbox 110 2119 934 2165; baseline 0.013 -17"><span class='ocrx_word' id='word_1_339' title='bbox 110 2119 239 2152; x_wconf 87' lang='lat' dir='ltr'><strong>Tullius</strong></span> <span class='ocrx_word' id='word_1_340' title='bbox 255 2123 293 2152; x_wconf 81' lang='lat' dir='ltr'><strong>ad</strong></span> <span class='ocrx_word' id='word_1_341' title='bbox 313 2126 489 2156; x_wconf 82' lang='lat' dir='ltr'><strong>Lentulum</strong></span> <span class='ocrx_word' id='word_1_342' title='bbox 505 2128 639 2157; x_wconf 88' lang='lat' dir='ltr'><strong>scribens</strong></span> <span class='ocrx_word' id='word_1_343' title='bbox 658 2127 712 2156; x_wconf 89' lang='lat' dir='ltr'><strong>lib.</strong></span> <span class='ocrx_word' id='word_1_344' title='bbox 729 2129 757 2156; x_wconf 89' lang='grc'><strong>1.</strong></span> <span class='ocrx_word' id='word_1_345' title='bbox 785 2126 885 2165; x_wconf 85' lang='lat' dir='ltr'><strong>Epist.</strong></span> <span class='ocrx_word' id='word_1_346' title='bbox 904 2128 934 2159; x_wconf 84' lang='lat'><strong>9.</strong></span> 
     </span>
     <span class='ocr_line' id='line_1_60' title="bbox 106 2161 936 2209; baseline 0.011 -19"><span class='ocrx_word' id='word_1_347' title='bbox 106 2161 156 2191; x_wconf 78' lang='lat' dir='ltr'><strong>Ab</strong></span> <span class='ocrx_word' id='word_1_348' title='bbox 177 2167 360 2197; x_wconf 66' lang='lat' dir='ltr'><strong>orationibus</strong></span> <span class='ocrx_word' id='word_1_349' title='bbox 383 2168 526 2209; x_wconf 77' lang='lat' dir='ltr'><strong>disjungo</strong></span> <span class='ocrx_word' id='word_1_350' title='bbox 542 2179 585 2198; x_wconf 84' lang='lat' dir='ltr'><strong>me</strong></span> <span class='ocrx_word' id='word_1_351' title='bbox 599 2169 686 2206; x_wconf 71' lang='lat' dir='ltr'><strong>fere,</strong></span> <span class='ocrx_word' id='word_1_352' title='bbox 710 2169 866 2207; x_wconf 84' lang='lat' dir='ltr'><strong>referoque</strong></span> <span class='ocrx_word' id='word_1_353' title='bbox 892 2172 936 2200; x_wconf 79' lang='lat' dir='ltr'><strong>ad</strong></span> 
     </span>
     <span class='ocr_line' id='line_1_61' title="bbox 107 2210 934 2250; baseline 0.011 -17"><span class='ocrx_word' id='word_1_354' title='bbox 107 2210 320 2238; x_wconf 79' lang='lat' dir='ltr'><strong>mansuetiores</strong></span> <span class='ocrx_word' id='word_1_355' title='bbox 333 2210 453 2247; x_wconf 75' lang='lat' dir='ltr'><strong>Musas,</strong></span> <span class='ocrx_word' id='word_1_356' title='bbox 478 2221 541 2250; x_wconf 78' lang='lat' dir='ltr'><strong>quoe</strong></span> <span class='ocrx_word' id='word_1_357' title='bbox 557 2222 602 2240; x_wconf 88' lang='lat' dir='ltr'><strong>me</strong></span> <span class='ocrx_word' id='word_1_358' title='bbox 617 2212 745 2240; x_wconf 71' lang='lat' dir='ltr'><strong>maxime</strong></span> <span class='ocrx_word' id='word_1_359' title='bbox 769 2211 847 2240; x_wconf 82' lang='lat' dir='ltr'><strong>sieut</strong></span> <span class='ocrx_word' id='word_1_360' title='bbox 864 2212 934 2250; x_wconf 78' lang='lat' dir='ltr'><strong>jam</strong></span> 
     </span>
     <span class='ocr_line' id='line_1_62' title="bbox 108 2248 932 2291; baseline 0.012 -15"><span class='ocrx_word' id='word_1_361' title='bbox 108 2248 128 2276; x_wconf 83' lang='grc' dir='ltr'><em>ἁ</em></span> <span class='ocrx_word' id='word_1_362' title='bbox 138 2249 241 2285; x_wconf 84' lang='lat' dir='ltr'><strong>prima</strong></span> <span class='ocrx_word' id='word_1_363' title='bbox 257 2253 459 2282; x_wconf 85' lang='lat' dir='ltr'><strong>adolescentia</strong></span> <span class='ocrx_word' id='word_1_364' title='bbox 476 2253 680 2291; x_wconf 70' lang='lat' dir='ltr'><strong>delectarunt,</strong></span> <span class='ocrx_word' id='word_1_365' title='bbox 816 2277 822 2283; x_wconf 82' lang='lat'><strong>.</strong></span> <span class='ocrx_word' id='word_1_366' title='bbox 870 2278 877 2285; x_wconf 93' lang='lat'><strong>.</strong></span> <span class='ocrx_word' id='word_1_367' title='bbox 923 2277 932 2286; x_wconf 92' lang='lat'><strong>.</strong></span> 
     </span>
     <span class='ocr_line' id='line_1_63' title="bbox 109 2294 934 2334; baseline 0.007 -13"><span class='ocrx_word' id='word_1_368' title='bbox 109 2311 114 2316; x_wconf 88' lang='lat'><em>-</em></span> <span class='ocrx_word' id='word_1_369' title='bbox 161 2313 167 2318; x_wconf 87' lang='lat'><strong>.</strong></span> <span class='ocrx_word' id='word_1_370' title='bbox 222 2316 226 2322; x_wconf 83' lang='lat'><strong>.</strong></span> <span class='ocrx_word' id='word_1_371' title='bbox 281 2294 391 2334; x_wconf 84' lang='lat' dir='ltr'><strong>scripsi</strong></span> <span class='ocrx_word' id='word_1_372' title='bbox 416 2297 508 2326; x_wconf 86' lang='lat' dir='ltr'><strong>etiam</strong></span> <span class='ocrx_word' id='word_1_373' title='bbox 534 2296 667 2326; x_wconf 69' lang='lat' dir='ltr'><strong>versibus</strong></span> <span class='ocrx_word' id='word_1_374' title='bbox 695 2301 754 2325; x_wconf 83' lang='lat' dir='ltr'><strong>tres</strong></span> <span class='ocrx_word' id='word_1_375' title='bbox 780 2296 870 2326; x_wconf 85' lang='lat' dir='ltr'><strong>libros</strong></span> <span class='ocrx_word' id='word_1_376' title='bbox 897 2298 934 2327; x_wconf 85' lang='lat' dir='ltr'><strong>de</strong></span> 
     </span>
     <span class='ocr_line' id='line_1_64' title="bbox 106 2335 455 2375; baseline 0.023 -15"><span class='ocrx_word' id='word_1_377' title='bbox 106 2335 285 2371; x_wconf 80' lang='lat' dir='ltr'><strong>temporibus</strong></span> <span class='ocrx_word' id='word_1_378' title='bbox 299 2339 381 2375; x_wconf 85' lang='lat' dir='ltr'><strong>meis,</strong></span> <span class='ocrx_word' id='word_1_379' title='bbox 399 2340 455 2368; x_wconf 67' lang='lat' dir='ltr'><strong>&amp;e</strong></span> 
     </span>
    </p>

    <p class='ocr_par' dir='ltr' id='par_1_16' title="bbox 103 2378 932 2623">
     <span class='ocr_line' id='line_1_65' title="bbox 151 2378 932 2421; baseline 0.009 -16"><span class='ocrx_word' id='word_1_380' title='bbox 151 2378 221 2407; x_wconf 74' lang='lat'><strong>125.</strong></span> <span class='ocrx_word' id='word_1_381' title='bbox 258 2378 375 2410; x_wconf 84' lang='lat' dir='ltr'><strong>Divina</strong></span> <span class='ocrx_word' id='word_1_382' title='bbox 403 2381 594 2420; x_wconf 81' lang='lat' dir='ltr'><strong>Philippica]</strong></span> <span class='ocrx_word' id='word_1_383' title='bbox 642 2381 786 2411; x_wconf 84' lang='lat' dir='ltr'><strong>Secunda</strong></span> <span class='ocrx_word' id='word_1_384' title='bbox 813 2383 932 2421; x_wconf 76' lang='lat' dir='ltr'><strong>nempe</strong></span> 
     </span>
     <span class='ocr_line' id='line_1_66' title="bbox 105 2417 930 2463; baseline 0.008 -15"><span class='ocrx_word' id='word_1_385' title='bbox 105 2417 254 2458; x_wconf 82' lang='lat' dir='ltr'><strong>singulari</strong></span> <span class='ocrx_word' id='word_1_386' title='bbox 266 2423 396 2453; x_wconf 83' lang='lat' dir='ltr'><strong>artificio</strong></span> <span class='ocrx_word' id='word_1_387' title='bbox 407 2425 565 2454; x_wconf 77' lang='lat' dir='ltr'><strong>elaborata</strong></span> <span class='ocrx_word' id='word_1_388' title='bbox 577 2426 594 2452; x_wconf 76' lang='lat' dir='ltr'><strong>a</strong></span> <span class='ocrx_word' id='word_1_389' title='bbox 610 2425 777 2461; x_wconf 82' lang='lat' dir='ltr'><strong>Cicerone,</strong></span> <span class='ocrx_word' id='word_1_390' title='bbox 791 2425 848 2462; x_wconf 86' lang='lat' dir='ltr'><strong>qui</strong></span> <span class='ocrx_word' id='word_1_391' title='bbox 860 2426 930 2463; x_wconf 93' lang='lat' dir='ltr'><strong>qui-</strong></span> 
     </span>
     <span class='ocr_line' id='line_1_67' title="bbox 103 2459 931 2502; baseline 0.007 -12"><span class='ocrx_word' id='word_1_392' title='bbox 103 2459 177 2491; x_wconf 83' lang='lat' dir='ltr'><strong>dem</strong></span> <span class='ocrx_word' id='word_1_393' title='bbox 193 2465 347 2494; x_wconf 88' lang='lat' dir='ltr'><strong>orationes</strong></span> <span class='ocrx_word' id='word_1_394' title='bbox 362 2475 414 2495; x_wconf 87' lang='lat' dir='ltr'><strong>eas</strong></span> <span class='ocrx_word' id='word_1_395' title='bbox 428 2467 460 2496; x_wconf 90' lang='lat' dir='ltr'><strong>in</strong></span> <span class='ocrx_word' id='word_1_396' title='bbox 478 2468 674 2502; x_wconf 79' lang='lat' dir='ltr'><strong>Antonium,</strong></span> <span class='ocrx_word' id='word_1_397' title='bbox 691 2476 756 2496; x_wconf 85' lang='lat' dir='ltr'><strong>non</strong></span> <span class='ocrx_word' id='word_1_398' title='bbox 771 2467 931 2497; x_wconf 88' lang='lat' dir='ltr'><strong>Antonia-</strong></span> 
     </span>
     <span class='ocr_line' id='line_1_68' title="bbox 104 2506 928 2549; baseline 0.006 -15"><span class='ocrx_word' id='word_1_399' title='bbox 104 2511 174 2539; x_wconf 82' lang='lat' dir='ltr'><strong>nas,</strong></span> <span class='ocrx_word' id='word_1_400' title='bbox 199 2511 234 2534; x_wconf 87' lang='lat' dir='ltr'><strong>ut</strong></span> <span class='ocrx_word' id='word_1_401' title='bbox 259 2506 430 2547; x_wconf 84' lang='lat' dir='ltr'><strong>debuisset,</strong></span> <span class='ocrx_word' id='word_1_402' title='bbox 456 2510 623 2547; x_wconf 82' lang='lat' dir='ltr'><strong>inscripsit,</strong></span> <span class='ocrx_word' id='word_1_403' title='bbox 652 2509 705 2538; x_wconf 88' lang='lat' dir='ltr'><strong>sed</strong></span> <span class='ocrx_word' id='word_1_404' title='bbox 724 2509 928 2549; x_wconf 86' lang='lat' dir='ltr'><strong>Philippicas,</strong></span> 
     </span>
     <span class='ocr_line' id='line_1_69' title="bbox 104 2546 926 2589; baseline 0.01 -16"><span class='ocrx_word' id='word_1_405' title='bbox 104 2546 193 2581; x_wconf 84' lang='lat' dir='ltr'><strong>quasi</strong></span> <span class='ocrx_word' id='word_1_406' title='bbox 218 2549 333 2580; x_wconf 87' lang='lat' dir='ltr'><strong>similes</strong></span> <span class='ocrx_word' id='word_1_407' title='bbox 359 2552 393 2580; x_wconf 88' lang='lat' dir='ltr'><strong>iis</strong></span> <span class='ocrx_word' id='word_1_408' title='bbox 417 2561 492 2589; x_wconf 86' lang='lat' dir='ltr'><strong>quas</strong></span> <span class='ocrx_word' id='word_1_409' title='bbox 514 2552 548 2580; x_wconf 89' lang='lat' dir='ltr'><strong>in</strong></span> <span class='ocrx_word' id='word_1_410' title='bbox 572 2551 758 2589; x_wconf 86' lang='lat' dir='ltr'><strong>Philippum</strong></span> <span class='ocrx_word' id='word_1_411' title='bbox 775 2551 926 2582; x_wconf 87' lang='lat' dir='ltr'><strong>Demost-</strong></span> 
     </span>
     <span class='ocr_line' id='line_1_70' title="bbox 103 2585 598 2623; baseline 0.018 -9"><span class='ocrx_word' id='word_1_412' title='bbox 103 2585 202 2617; x_wconf 86' lang='lat' dir='ltr'><strong>henes</strong></span> <span class='ocrx_word' id='word_1_413' title='bbox 217 2599 300 2621; x_wconf 89' lang='lat' dir='ltr'><strong>acres</strong></span> <span class='ocrx_word' id='word_1_414' title='bbox 316 2594 344 2622; x_wconf 74' lang='grc' dir='ltr'><strong>δι</strong></span> <span class='ocrx_word' id='word_1_415' title='bbox 360 2594 454 2623; x_wconf 81' lang='lat' dir='ltr'><strong>salsas</strong></span> <span class='ocrx_word' id='word_1_416' title='bbox 465 2594 598 2623; x_wconf 82' lang='lat' dir='ltr'><strong>dixerat.</strong></span> 
     </span>
    </p>

    <p class='ocr_par' dir='ltr' id='par_1_17' title="bbox 98 2630 925 2844">
     <span class='ocr_line' id='line_1_71' title="bbox 137 2630 925 2676; baseline 0.013 -18"><span class='ocrx_word' id='word_1_417' title='bbox 137 2630 218 2676; x_wconf 30' lang='lat'><strong>⁸126.</strong></span> <span class='ocrx_word' id='word_1_418' title='bbox 253 2632 354 2665; x_wconf 65' lang='lat' dir='ltr'><strong>Saevus</strong></span> <span class='ocrx_word' id='word_1_419' title='bbox 367 2638 389 2673; x_wconf 55' lang='grc' dir='ltr'><strong><em>ᾇ</em></strong></span> <span class='ocrx_word' id='word_1_420' title='bbox 404 2636 486 2665; x_wconf 83' lang='lat' dir='ltr'><strong>illum</strong></span> <span class='ocrx_word' id='word_1_421' title='bbox 502 2636 600 2665; x_wconf 62' lang='lat' dir='ltr'><strong>esitus</strong></span> <span class='ocrx_word' id='word_1_422' title='bbox 615 2635 740 2675; x_wconf 80' lang='lat' dir='ltr'><strong>eripuit]</strong></span> <span class='ocrx_word' id='word_1_423' title='bbox 781 2636 925 2668; x_wconf 83' lang='lat' dir='ltr'><strong>Crudelis</strong></span> 
     </span>
     <span class='ocr_line' id='line_1_72' title="bbox 101 2675 921 2710; baseline 0.012 -10"><span class='ocrx_word' id='word_1_424' title='bbox 101 2676 198 2701; x_wconf 85' lang='lat' dir='ltr'><strong>etiam</strong></span> <span class='ocrx_word' id='word_1_425' title='bbox 214 2683 249 2703; x_wconf 87' lang='lat' dir='ltr'><strong>ac</strong></span> <span class='ocrx_word' id='word_1_426' title='bbox 264 2675 389 2708; x_wconf 85' lang='lat' dir='ltr'><strong>funesta</strong></span> <span class='ocrx_word' id='word_1_427' title='bbox 407 2689 488 2708; x_wconf 86' lang='lat' dir='ltr'><strong>mors</strong></span> <span class='ocrx_word' id='word_1_428' title='bbox 511 2678 529 2708; x_wconf 75' lang='grc' dir='ltr'>ὲ</span> <span class='ocrx_word' id='word_1_429' title='bbox 545 2680 622 2708; x_wconf 87' lang='lat' dir='ltr'><strong>vivis</strong></span> <span class='ocrx_word' id='word_1_430' title='bbox 637 2679 759 2708; x_wconf 85' lang='lat' dir='ltr'><strong>exemit</strong></span> <span class='ocrx_word' id='word_1_431' title='bbox 773 2677 921 2710; x_wconf 60' lang='lat' dir='ltr'><strong>Demost&gt;</strong></span> 
     </span>
     <span class='ocr_line' id='line_1_73' title="bbox 100 2712 921 2760; baseline 0.012 -18"><span class='ocrx_word' id='word_1_432' title='bbox 100 2712 230 2744; x_wconf 89' lang='lat' dir='ltr'><strong>henem.</strong></span> <span class='ocrx_word' id='word_1_433' title='bbox 274 2717 302 2747; x_wconf 86' lang='lat' dir='ltr'><strong>ls</strong></span> <span class='ocrx_word' id='word_1_434' title='bbox 324 2730 410 2751; x_wconf 78' lang='lat' dir='ltr'><strong>enirn</strong></span> <span class='ocrx_word' id='word_1_435' title='bbox 429 2729 463 2750; x_wconf 89' lang='lat' dir='ltr'><strong>ut</strong></span> <span class='ocrx_word' id='word_1_436' title='bbox 478 2722 574 2760; x_wconf 88' lang='lat' dir='ltr'><strong>Regis</strong></span> <span class='ocrx_word' id='word_1_437' title='bbox 590 2721 807 2750; x_wconf 86' lang='lat' dir='ltr'><strong>Macedonum</strong></span> <span class='ocrx_word' id='word_1_438' title='bbox 827 2723 921 2752; x_wconf 82' lang='lat' dir='ltr'><strong>Anti-</strong></span> 
     </span>
     <span class='ocr_line' id='line_1_74' title="bbox 100 2757 918 2803; baseline 0.013 -19"><span class='ocrx_word' id='word_1_439' title='bbox 100 2757 179 2803; x_wconf 77' lang='lat' dir='ltr'><strong>patri</strong></span> <span class='ocrx_word' id='word_1_440' title='bbox 207 2757 343 2791; x_wconf 83' lang='lat' dir='ltr'><strong>furorem</strong></span> <span class='ocrx_word' id='word_1_441' title='bbox 359 2763 523 2802; x_wconf 83' lang='lat' dir='ltr'><strong>effugeret,</strong></span> <span class='ocrx_word' id='word_1_442' title='bbox 542 2773 666 2793; x_wconf 86' lang='lat' dir='ltr'><strong>veneno</strong></span> <span class='ocrx_word' id='word_1_443' title='bbox 680 2764 782 2801; x_wconf 48' lang='lat' dir='ltr'><strong>seipse</strong></span> <span class='ocrx_word' id='word_1_444' title='bbox 806 2765 918 2794; x_wconf 86' lang='lat' dir='ltr'><strong>intere-</strong></span> 
     </span>
     <span class='ocr_line' id='line_1_75' title="bbox 98 2800 750 2844; baseline 0.015 -18"><span class='ocrx_word' id='word_1_445' title='bbox 98 2805 168 2827; x_wconf 83' lang='lat' dir='ltr'><strong>mit.</strong></span> <span class='ocrx_word' id='word_1_446' title='bbox 213 2800 298 2831; x_wconf 89' lang='lat' dir='ltr'><strong>Vide</strong></span> <span class='ocrx_word' id='word_1_447' title='bbox 312 2811 422 2836; x_wconf 80' lang='lat' dir='ltr'><strong>caetera</strong></span> <span class='ocrx_word' id='word_1_448' title='bbox 434 2807 521 2844; x_wconf 85' lang='lat' dir='ltr'><strong>apud</strong></span> <span class='ocrx_word' id='word_1_449' title='bbox 532 2806 750 2836; x_wconf 81' lang='lat' dir='ltr'><strong>Plutarchum.</strong></span> 
     </span>
    </p>

    <p class='ocr_par' dir='ltr' id='par_1_18' title="bbox 99 2840 923 2924">
     <span class='ocr_line' id='line_1_76' title="bbox 145 2840 923 2886; baseline 0.014 -17"><span class='ocrx_word' id='word_1_450' title='bbox 145 2840 215 2871; x_wconf 81' lang='lat'><strong>128.</strong></span> <span class='ocrx_word' id='word_1_451' title='bbox 246 2842 428 2886; x_wconf 69' lang='lat' dir='ltr'><strong>Txrrentem]</strong></span> <span class='ocrx_word' id='word_1_452' title='bbox 449 2848 611 2879; x_wconf 86' lang='lat' dir='ltr'><strong>Torrentis</strong></span> <span class='ocrx_word' id='word_1_453' title='bbox 638 2849 732 2878; x_wconf 86' lang='lat' dir='ltr'><strong>instar</strong></span> <span class='ocrx_word' id='word_1_454' title='bbox 754 2849 923 2880; x_wconf 83' lang='lat' dir='ltr'><strong>exundan-</strong></span> 
     </span>
     <span class='ocr_line' id='line_1_77' title="bbox 99 2885 411 2924; baseline 0.022 -13"><span class='ocrx_word' id='word_1_455' title='bbox 99 2888 165 2912; x_wconf 84' lang='lat' dir='ltr'><strong>tem</strong></span> <span class='ocrx_word' id='word_1_456' title='bbox 183 2885 411 2924; x_wconf 77' lang='lat' dir='ltr'><strong>eloquentiam.</strong></span> 
     </span>
    </p>

    <p class='ocr_par' dir='ltr' id='par_1_19' title="bbox 98 2925 922 3017">
     <span class='ocr_line' id='line_1_78' title="bbox 139 2925 922 2974; baseline 0.015 -20"><span class='ocrx_word' id='word_1_457' title='bbox 139 2925 352 2974; x_wconf 70' lang='lat' dir='ltr'><strong>Bloderantem</strong></span> <span class='ocrx_word' id='word_1_458' title='bbox 365 2932 472 2969; x_wconf 80' lang='lat' dir='ltr'><strong>fraena</strong></span> <span class='ocrx_word' id='word_1_459' title='bbox 500 2935 627 2974; x_wconf 67' lang='lat' dir='ltr'><strong>theatri]</strong></span> <span class='ocrx_word' id='word_1_460' title='bbox 650 2933 866 2965; x_wconf 85' lang='lat' dir='ltr'><strong>Athenienses</strong></span> <span class='ocrx_word' id='word_1_461' title='bbox 887 2935 922 2966; x_wconf 88' lang='lat' dir='ltr'><strong>in</strong></span> 
     </span>
     <span class='ocr_line' id='line_1_79' title="bbox 98 2970 920 3017; baseline 0.015 -21"><span class='ocrx_word' id='word_1_462' title='bbox 98 2970 308 3002; x_wconf 83' lang='lat' dir='ltr'><strong>concionibus</strong></span> <span class='ocrx_word' id='word_1_463' title='bbox 329 2976 395 3013; x_wconf 79' lang='lat' dir='ltr'><strong>quo</strong></span> <span class='ocrx_word' id='word_1_464' title='bbox 419 2977 544 3011; x_wconf 76' lang='lat' dir='ltr'><strong>volebat</strong></span> <span class='ocrx_word' id='word_1_465' title='bbox 563 2979 787 3010; x_wconf 71' lang='lat' dir='ltr'><strong>innectentem</strong></span> <span class='ocrx_word' id='word_1_466' title='bbox 800 2987 835 3008; x_wconf 85' lang='lat' dir='ltr'><strong>ac</strong></span> <span class='ocrx_word' id='word_1_467' title='bbox 850 2987 920 3017; x_wconf 89' lang='lat' dir='ltr'><strong>per-</strong></span> 
     </span>
    </p>
   </div>
   <div class='ocr_carea' id='block_1_12' title="bbox 964 970 1830 2974">
    <p class='ocr_par' dir='ltr' id='par_1_20' title="bbox 996 970 1830 1225">
     <span class='ocr_line' id='line_1_80' title="bbox 1001 970 1830 1015; baseline 0.005 -13"><span class='ocrx_word' id='word_1_468' title='bbox 1001 977 1199 1002; x_wconf 84' lang='lat' dir='ltr'><strong>moventem.</strong></span> <span class='ocrx_word' id='word_1_469' title='bbox 1214 972 1336 1002; x_wconf 89' lang='lat' dir='ltr'><strong>Justin.</strong></span> <span class='ocrx_word' id='word_1_470' title='bbox 1353 971 1406 1001; x_wconf 90' lang='lat' dir='ltr'><strong>lib.</strong></span> <span class='ocrx_word' id='word_1_471' title='bbox 1423 972 1475 1001; x_wconf 74' lang='lat'><strong>22.</strong></span> <span class='ocrx_word' id='word_1_472' title='bbox 1500 970 1697 1012; x_wconf 74' lang='lat' dir='ltr'><strong>Agathocles,</strong></span> <span class='ocrx_word' id='word_1_473' title='bbox 1712 975 1830 1015; x_wconf 86' lang='lat' dir='ltr'><strong>inquit,</strong></span> 
     </span>
     <span class='ocr_line' id='line_1_81' title="bbox 1000 1014 1830 1055; baseline 0.006 -11"><span class='ocrx_word' id='word_1_474' title='bbox 1000 1014 1094 1044; x_wconf 73' lang='lat' dir='ltr'><strong>veluti</strong></span> <span class='ocrx_word' id='word_1_475' title='bbox 1109 1014 1294 1053; x_wconf 65' lang='lat' dir='ltr'><strong>Reipublicae</strong></span> <span class='ocrx_word' id='word_1_476' title='bbox 1307 1014 1630 1054; x_wconf 32' lang='lat' dir='ltr'><strong>statum-formaturus,</strong></span> <span class='ocrx_word' id='word_1_477' title='bbox 1641 1027 1664 1055; x_wconf 83' lang='lat' dir='ltr'><strong>p</strong></span> <span class='ocrx_word' id='word_1_478' title='bbox 1674 1018 1783 1054; x_wconf 65' lang='lat' dir='ltr'><strong>mulum</strong></span> <span class='ocrx_word' id='word_1_479' title='bbox 1797 1020 1830 1050; x_wconf 82' lang='lat' dir='ltr'><strong>in</strong></span> 
     </span>
     <span class='ocr_line' id='line_1_82' title="bbox 1001 1056 1828 1096; baseline 0.006 -10"><span class='ocrx_word' id='word_1_480' title='bbox 1001 1056 1149 1087; x_wconf 81' lang='lat' dir='ltr'><strong>theatrum</strong></span> <span class='ocrx_word' id='word_1_481' title='bbox 1165 1058 1206 1086; x_wconf 84' lang='lat' dir='ltr'><strong>ad</strong></span> <span class='ocrx_word' id='word_1_482' title='bbox 1219 1058 1385 1086; x_wconf 82' lang='lat' dir='ltr'><strong>concionem</strong></span> <span class='ocrx_word' id='word_1_483' title='bbox 1402 1058 1502 1086; x_wconf 80' lang='lat' dir='ltr'><strong>rocari</strong></span> <span class='ocrx_word' id='word_1_484' title='bbox 1507 1058 1609 1096; x_wconf 82' lang='lat' dir='ltr'><strong>jubet.</strong></span> <span class='ocrx_word' id='word_1_485' title='bbox 1657 1061 1758 1091; x_wconf 86' lang='lat' dir='ltr'><strong>Aliter</strong></span> <span class='ocrx_word' id='word_1_486' title='bbox 1771 1071 1828 1091; x_wconf 87' lang='lat' dir='ltr'><strong>ex-</strong></span> 
     </span>
     <span class='ocr_line' id='line_1_83' title="bbox 1002 1100 1828 1139; baseline 0.005 -9"><span class='ocrx_word' id='word_1_487' title='bbox 1002 1101 1099 1139; x_wconf 86' lang='lat' dir='ltr'><strong>plicat</strong></span> <span class='ocrx_word' id='word_1_488' title='bbox 1116 1100 1347 1138; x_wconf 87' lang='lat' dir='ltr'><strong>Mancinellus,</strong></span> <span class='ocrx_word' id='word_1_489' title='bbox 1374 1100 1493 1139; x_wconf 79' lang='lat' dir='ltr'><strong>nempe</strong></span> <span class='ocrx_word' id='word_1_490' title='bbox 1518 1101 1604 1139; x_wconf 76' lang='lat' dir='ltr'><strong>quod</strong></span> <span class='ocrx_word' id='word_1_491' title='bbox 1625 1103 1828 1134; x_wconf 63' lang='lat' dir='ltr'><strong>Atheniensi-</strong></span> 
     </span>
     <span class='ocr_line' id='line_1_84' title="bbox 1000 1142 1826 1184; baseline 0.008 -13"><span class='ocrx_word' id='word_1_492' title='bbox 1000 1143 1059 1172; x_wconf 84' lang='lat' dir='ltr'><strong>bus</strong></span> <span class='ocrx_word' id='word_1_493' title='bbox 1090 1143 1276 1182; x_wconf 85' lang='lat' dir='ltr'><strong>persuaserit</strong></span> <span class='ocrx_word' id='word_1_494' title='bbox 1304 1142 1553 1180; x_wconf 73' lang='lat' dir='ltr'><strong>Demosthenes,</strong></span> <span class='ocrx_word' id='word_1_495' title='bbox 1591 1150 1627 1173; x_wconf 90' lang='lat' dir='ltr'><strong>ut</strong></span> <span class='ocrx_word' id='word_1_496' title='bbox 1657 1155 1754 1184; x_wconf 89' lang='lat' dir='ltr'><strong>quam</strong></span> <span class='ocrx_word' id='word_1_497' title='bbox 1793 1149 1826 1178; x_wconf 78' lang='lat' dir='ltr'><strong>in</strong></span> 
     </span>
     <span class='ocr_line' id='line_1_85' title="bbox 996 1186 1810 1225; baseline 0.009 -12"><span class='ocrx_word' id='word_1_498' title='bbox 996 1186 1184 1224; x_wconf 85' lang='lat' dir='ltr'><strong>spectaculis</strong></span> <span class='ocrx_word' id='word_1_499' title='bbox 1199 1195 1234 1215; x_wconf 89' lang='lat' dir='ltr'><strong>ac</strong></span> <span class='ocrx_word' id='word_1_500' title='bbox 1251 1186 1379 1216; x_wconf 82' lang='lat' dir='ltr'><strong>theatris</strong></span> <span class='ocrx_word' id='word_1_501' title='bbox 1397 1187 1567 1224; x_wconf 82' lang='lat' dir='ltr'><strong>pecuniam</strong></span> <span class='ocrx_word' id='word_1_502' title='bbox 1589 1187 1751 1225; x_wconf 81' lang='lat' dir='ltr'><strong>publicam</strong></span> <span class='ocrx_word' id='word_1_503' title='bbox 1776 1200 1810 1219; x_wconf 89' lang='lat' dir='ltr'><strong>so</strong></span> 
     </span>
    </p>

    <p class='ocr_par' dir='ltr' id='par_1_21' title="bbox 996 1228 1824 1301">
     <span class='ocr_line' id='line_1_86' title="bbox 996 1228 1824 1269; baseline 0.006 -11"><span class='ocrx_word' id='word_1_504' title='bbox 996 1228 1108 1258; x_wconf 87' lang='lat' dir='ltr'><strong>lebant</strong></span> <span class='ocrx_word' id='word_1_505' title='bbox 1123 1228 1319 1268; x_wconf 86' lang='lat' dir='ltr'><strong>impendere,</strong></span> <span class='ocrx_word' id='word_1_506' title='bbox 1338 1229 1407 1266; x_wconf 89' lang='lat' dir='ltr'><strong>jam</strong></span> <span class='ocrx_word' id='word_1_507' title='bbox 1424 1229 1457 1258; x_wconf 89' lang='lat' dir='ltr'><strong>in</strong></span> <span class='ocrx_word' id='word_1_508' title='bbox 1481 1229 1556 1259; x_wconf 89' lang='lat' dir='ltr'><strong>belli</strong></span> <span class='ocrx_word' id='word_1_509' title='bbox 1572 1237 1720 1269; x_wconf 85' lang='lat' dir='ltr'><strong>sumptus</strong></span> <span class='ocrx_word' id='word_1_510' title='bbox 1735 1233 1824 1263; x_wconf 87' lang='lat' dir='ltr'><strong>adhi-</strong></span> 
     </span>
     <span class='ocr_line' id='line_1_87' title="bbox 996 1270 1115 1301; baseline 0.017 -2"><span class='ocrx_word' id='word_1_511' title='bbox 996 1270 1115 1301; x_wconf 88' lang='lat' dir='ltr'><strong>berent.</strong></span> 
     </span>
    </p>

    <p class='ocr_par' dir='ltr' id='par_1_22' title="bbox 994 1313 1824 1524">
     <span class='ocr_line' id='line_1_88' title="bbox 1041 1313 1824 1355; baseline 0.005 -11"><span class='ocrx_word' id='word_1_512' title='bbox 1041 1316 1108 1344; x_wconf 70' lang='lat'><strong>130.</strong></span> <span class='ocrx_word' id='word_1_513' title='bbox 1151 1313 1242 1347; x_wconf 83' lang='lat' dir='ltr'><strong>Quem</strong></span> <span class='ocrx_word' id='word_1_514' title='bbox 1253 1319 1343 1353; x_wconf 83' lang='lat' dir='ltr'><strong>pater</strong></span> <span class='ocrx_word' id='word_1_515' title='bbox 1358 1315 1505 1353; x_wconf 76' lang='lat' dir='ltr'><strong>ardentis,</strong></span> <span class='ocrx_word' id='word_1_516' title='bbox 1522 1313 1588 1355; x_wconf 54' lang='lat' dir='ltr'><strong>effic]</strong></span> <span class='ocrx_word' id='word_1_517' title='bbox 1625 1316 1741 1347; x_wconf 85' lang='lat' dir='ltr'><strong>Infelix</strong></span> <span class='ocrx_word' id='word_1_518' title='bbox 1757 1318 1824 1348; x_wconf 86' lang='lat' dir='ltr'><strong>De-</strong></span> 
     </span>
     <span class='ocr_line' id='line_1_89' title="bbox 995 1357 1820 1396; baseline 0.006 -10"><span class='ocrx_word' id='word_1_519' title='bbox 995 1357 1180 1387; x_wconf 83' lang='lat' dir='ltr'><strong>mosthenes</strong></span> <span class='ocrx_word' id='word_1_520' title='bbox 1197 1358 1284 1396; x_wconf 75' lang='lat' dir='ltr'><strong>quod</strong></span> <span class='ocrx_word' id='word_1_521' title='bbox 1300 1358 1427 1396; x_wconf 86' lang='lat' dir='ltr'><strong>insignis</strong></span> <span class='ocrx_word' id='word_1_522' title='bbox 1444 1365 1545 1387; x_wconf 88' lang='lat' dir='ltr'><strong>orator</strong></span> <span class='ocrx_word' id='word_1_523' title='bbox 1559 1360 1703 1396; x_wconf 86' lang='lat' dir='ltr'><strong>evaserit,</strong></span> <span class='ocrx_word' id='word_1_524' title='bbox 1727 1360 1820 1391; x_wconf 89' lang='lat' dir='ltr'><strong>futu-</strong></span> 
     </span>
     <span class='ocr_line' id='line_1_90' title="bbox 996 1400 1818 1437; baseline 0.007 -10"><span class='ocrx_word' id='word_1_525' title='bbox 996 1409 1045 1428; x_wconf 86' lang='lat' dir='ltr'><strong>rus</strong></span> <span class='ocrx_word' id='word_1_526' title='bbox 1060 1400 1142 1430; x_wconf 68' lang='lat' dir='ltr'><strong>certe</strong></span> <span class='ocrx_word' id='word_1_527' title='bbox 1156 1401 1286 1437; x_wconf 87' lang='lat' dir='ltr'><strong>beatior,</strong></span> <span class='ocrx_word' id='word_1_528' title='bbox 1310 1401 1336 1429; x_wconf 86' lang='lat' dir='ltr'><strong>si</strong></span> <span class='ocrx_word' id='word_1_529' title='bbox 1354 1410 1418 1429; x_wconf 85' lang='lat' dir='ltr'><strong>non</strong></span> <span class='ocrx_word' id='word_1_530' title='bbox 1433 1401 1569 1437; x_wconf 80' lang='lat' dir='ltr'><strong>scholas,</strong></span> <span class='ocrx_word' id='word_1_531' title='bbox 1592 1401 1645 1430; x_wconf 91' lang='lat' dir='ltr'><strong>sed</strong></span> <span class='ocrx_word' id='word_1_532' title='bbox 1661 1402 1818 1435; x_wconf 84' lang='lat' dir='ltr'><strong>officinam</strong></span> 
     </span>
     <span class='ocr_line' id='line_1_91' title="bbox 994 1442 1822 1487; baseline 0.007 -16"><span class='ocrx_word' id='word_1_533' title='bbox 994 1443 1089 1480; x_wconf 84' lang='lat' dir='ltr'><strong>patris</strong></span> <span class='ocrx_word' id='word_1_534' title='bbox 1105 1442 1348 1482; x_wconf 69' lang='lat' dir='ltr'><strong>frequentasset,</strong></span> <span class='ocrx_word' id='word_1_535' title='bbox 1373 1442 1550 1482; x_wconf 83' lang='lat' dir='ltr'><strong>fuissetque</strong></span> <span class='ocrx_word' id='word_1_536' title='bbox 1564 1443 1706 1474; x_wconf 82' lang='lat' dir='ltr'><strong>ferrarius</strong></span> <span class='ocrx_word' id='word_1_537' title='bbox 1723 1446 1822 1487; x_wconf 86' lang='lat' dir='ltr'><strong>faber,</strong></span> 
     </span>
     <span class='ocr_line' id='line_1_92' title="bbox 995 1485 1355 1524; baseline 0.003 -10"><span class='ocrx_word' id='word_1_538' title='bbox 995 1485 1022 1514; x_wconf 85' lang='lat'>&amp;</span> <span class='ocrx_word' id='word_1_539' title='bbox 1039 1486 1216 1524; x_wconf 83' lang='lat' dir='ltr'><strong>gladiorum</strong></span> <span class='ocrx_word' id='word_1_540' title='bbox 1232 1485 1355 1517; x_wconf 80' lang='lat' dir='ltr'><strong>artifex.</strong></span> 
     </span>
    </p>

    <p class='ocr_par' dir='ltr' id='par_1_23' title="bbox 984 1527 1819 1993">
     <span class='ocr_line' id='line_1_93' title="bbox 1036 1527 1816 1569; baseline 0.009 -12"><span class='ocrx_word' id='word_1_541' title='bbox 1036 1527 1147 1567; x_wconf 82' lang='lat' dir='ltr'><strong>Pater]</strong></span> <span class='ocrx_word' id='word_1_542' title='bbox 1171 1528 1328 1559; x_wconf 87' lang='lat' dir='ltr'><strong>Plutarch.</strong></span> <span class='ocrx_word' id='word_1_543' title='bbox 1342 1527 1436 1558; x_wconf 89' lang='lat' dir='ltr'><strong>refert</strong></span> <span class='ocrx_word' id='word_1_544' title='bbox 1452 1528 1681 1560; x_wconf 84' lang='lat' dir='ltr'><strong>Demosthenis</strong></span> <span class='ocrx_word' id='word_1_545' title='bbox 1696 1538 1816 1569; x_wconf 87' lang='lat' dir='ltr'><strong>patrem</strong></span> 
     </span>
     <span class='ocr_line' id='line_1_94' title="bbox 993 1570 1819 1615; baseline 0.006 -15"><span class='ocrx_word' id='word_1_546' title='bbox 993 1570 1167 1601; x_wconf 85' lang='lat' dir='ltr'><strong>honestum</strong></span> <span class='ocrx_word' id='word_1_547' title='bbox 1183 1571 1338 1610; x_wconf 87' lang='lat' dir='ltr'><strong>imprimis</strong></span> <span class='ocrx_word' id='word_1_548' title='bbox 1349 1581 1384 1600; x_wconf 88' lang='lat' dir='ltr'><strong>ac</strong></span> <span class='ocrx_word' id='word_1_549' title='bbox 1397 1571 1533 1610; x_wconf 91' lang='lat' dir='ltr'><strong>probum</strong></span> <span class='ocrx_word' id='word_1_550' title='bbox 1548 1572 1650 1602; x_wconf 77' lang='lat' dir='ltr'><strong>virum</strong></span> <span class='ocrx_word' id='word_1_551' title='bbox 1664 1575 1819 1615; x_wconf 83' lang='lat' dir='ltr'><strong>extitisse,</strong></span> 
     </span>
     <span class='ocr_line' id='line_1_95' title="bbox 991 1613 1819 1653; baseline 0.006 -10"><span class='ocrx_word' id='word_1_552' title='bbox 991 1613 1133 1644; x_wconf 85' lang='lat' dir='ltr'><strong>Athenis</strong></span> <span class='ocrx_word' id='word_1_553' title='bbox 1148 1620 1259 1644; x_wconf 79' lang='lat' dir='ltr'><strong>autem</strong></span> <span class='ocrx_word' id='word_1_554' title='bbox 1284 1614 1441 1653; x_wconf 87' lang='lat' dir='ltr'><strong>egregiam</strong></span> <span class='ocrx_word' id='word_1_555' title='bbox 1464 1614 1641 1653; x_wconf 81' lang='lat' dir='ltr'><strong>gladiorum</strong></span> <span class='ocrx_word' id='word_1_556' title='bbox 1659 1617 1819 1650; x_wconf 84' lang='lat' dir='ltr'><strong>officmam</strong></span> 
     </span>
     <span class='ocr_line' id='line_1_96' title="bbox 992 1656 1817 1691; baseline 0.007 -6"><span class='ocrx_word' id='word_1_557' title='bbox 992 1657 1102 1687; x_wconf 87' lang='lat' dir='ltr'><strong>multis</strong></span> <span class='ocrx_word' id='word_1_558' title='bbox 1126 1656 1295 1687; x_wconf 85' lang='lat' dir='ltr'><strong>artificibus</strong></span> <span class='ocrx_word' id='word_1_559' title='bbox 1320 1657 1413 1686; x_wconf 84' lang='lat' dir='ltr'><strong>servis</strong></span> <span class='ocrx_word' id='word_1_560' title='bbox 1437 1657 1622 1687; x_wconf 77' lang='lat' dir='ltr'><strong>instructam</strong></span> <span class='ocrx_word' id='word_1_561' title='bbox 1650 1659 1817 1691; x_wconf 73' lang='lat' dir='ltr'><strong>habuisse:</strong></span> 
     </span>
     <span class='ocr_line' id='line_1_97' title="bbox 990 1698 1818 1738; baseline 0.008 -12"><span class='ocrx_word' id='word_1_562' title='bbox 990 1698 1157 1729; x_wconf 86' lang='lat' dir='ltr'><strong>decessisse</strong></span> <span class='ocrx_word' id='word_1_563' title='bbox 1169 1700 1256 1735; x_wconf 80' lang='lat' dir='ltr'><strong>vero,</strong></span> <span class='ocrx_word' id='word_1_564' title='bbox 1268 1699 1333 1729; x_wconf 74' lang='lat' dir='ltr'><strong>filio</strong></span> <span class='ocrx_word' id='word_1_565' title='bbox 1347 1700 1496 1738; x_wconf 89' lang='lat' dir='ltr'><strong>septenni</strong></span> <span class='ocrx_word' id='word_1_566' title='bbox 1510 1700 1619 1730; x_wconf 89' lang='lat' dir='ltr'><strong>relicto</strong></span> <span class='ocrx_word' id='word_1_567' title='bbox 1634 1702 1818 1734; x_wconf 83' lang='lat' dir='ltr'><strong>abundante</strong></span> 
     </span>
     <span class='ocr_line' id='line_1_98' title="bbox 988 1742 1816 1779; baseline 0.006 -9"><span class='ocrx_word' id='word_1_568' title='bbox 988 1742 1192 1779; x_wconf 88' lang='lat' dir='ltr'><strong>patrimonio.</strong></span> <span class='ocrx_word' id='word_1_569' title='bbox 1242 1742 1314 1771; x_wconf 88' lang='lat' dir='ltr'><strong>Val.</strong></span> <span class='ocrx_word' id='word_1_570' title='bbox 1332 1742 1422 1772; x_wconf 80' lang='lat' dir='ltr'><strong>Max.</strong></span> <span class='ocrx_word' id='word_1_571' title='bbox 1442 1742 1496 1772; x_wconf 88' lang='lat' dir='ltr'><strong>lib.</strong></span> <span class='ocrx_word' id='word_1_572' title='bbox 1509 1743 1538 1772; x_wconf 81' lang='lat'><strong>3.</strong></span> <span class='ocrx_word' id='word_1_573' title='bbox 1559 1752 1627 1773; x_wconf 79' lang='lat' dir='ltr'><strong>cao.</strong></span> <span class='ocrx_word' id='word_1_574' title='bbox 1645 1747 1676 1773; x_wconf 87' lang='lat'><strong>4.</strong></span> <span class='ocrx_word' id='word_1_575' title='bbox 1717 1745 1816 1778; x_wconf 70' lang='lat' dir='ltr'><strong>Quam</strong></span> 
     </span>
     <span class='ocr_line' id='line_1_99' title="bbox 989 1784 1816 1826; baseline 0.007 -13"><span class='ocrx_word' id='word_1_576' title='bbox 989 1787 1126 1822; x_wconf 84' lang='lat' dir='ltr'><strong>matrem,</strong></span> <span class='ocrx_word' id='word_1_577' title='bbox 1149 1785 1268 1823; x_wconf 87' lang='lat' dir='ltr'><strong>inquit,</strong></span> <span class='ocrx_word' id='word_1_578' title='bbox 1302 1784 1482 1823; x_wconf 75' lang='lat' dir='ltr'><strong>Enripedes,</strong></span> <span class='ocrx_word' id='word_1_579' title='bbox 1505 1788 1559 1814; x_wconf 82' lang='lat' dir='ltr'><strong>aut</strong></span> <span class='ocrx_word' id='word_1_580' title='bbox 1588 1795 1673 1824; x_wconf 78' lang='lat' dir='ltr'><strong>quem</strong></span> <span class='ocrx_word' id='word_1_581' title='bbox 1695 1793 1816 1826; x_wconf 81' lang='lat' dir='ltr'><strong>patrem</strong></span> 
     </span>
     <span class='ocr_line' id='line_1_100' title="bbox 989 1824 1817 1866; baseline 0.01 -12"><span class='ocrx_word' id='word_1_582' title='bbox 989 1824 1206 1856; x_wconf 83' lang='lat' dir='ltr'><strong>Demosthenes</strong></span> <span class='ocrx_word' id='word_1_583' title='bbox 1233 1827 1382 1864; x_wconf 80' lang='lat' dir='ltr'><strong>habuerit,</strong></span> <span class='ocrx_word' id='word_1_584' title='bbox 1419 1827 1547 1865; x_wconf 71' lang='lat' dir='ltr'><strong>ipsorum</strong></span> <span class='ocrx_word' id='word_1_585' title='bbox 1571 1838 1686 1866; x_wconf 84' lang='lat' dir='ltr'><strong>quoque</strong></span> <span class='ocrx_word' id='word_1_586' title='bbox 1707 1833 1817 1862; x_wconf 71' lang='lat' dir='ltr'><strong>saeculo</strong></span> 
     </span>
     <span class='ocr_line' id='line_1_101' title="bbox 987 1867 1816 1911; baseline 0.008 -14"><span class='ocrx_word' id='word_1_587' title='bbox 987 1867 1200 1908; x_wconf 70' lang='lat' dir='ltr'><strong>ignotumficit</strong></span> <span class='ocrx_word' id='word_1_588' title='bbox 1214 1881 1224 1898; x_wconf 87' lang='lat'><strong>.·</strong></span> <span class='ocrx_word' id='word_1_589' title='bbox 1247 1869 1374 1899; x_wconf 66' lang='lat' dir='ltr'><strong>alteriue</strong></span> <span class='ocrx_word' id='word_1_590' title='bbox 1390 1874 1490 1898; x_wconf 86' lang='lat' dir='ltr'><strong>autem</strong></span> <span class='ocrx_word' id='word_1_591' title='bbox 1512 1874 1636 1899; x_wconf 72' lang='lat' dir='ltr'><strong>matrem</strong></span> <span class='ocrx_word' id='word_1_592' title='bbox 1652 1872 1747 1911; x_wconf 82' lang='lat' dir='ltr'><strong>olera,</strong></span> <span class='ocrx_word' id='word_1_593' title='bbox 1771 1877 1816 1904; x_wconf 86' lang='lat' dir='ltr'><strong>al-</strong></span> 
     </span>
     <span class='ocr_line' id='line_1_102' title="bbox 986 1911 1813 1954; baseline 0.002 -15"><span class='ocrx_word' id='word_1_594' title='bbox 986 1912 1080 1941; x_wconf 83' lang='lat' dir='ltr'><strong>terius</strong></span> <span class='ocrx_word' id='word_1_595' title='bbox 1098 1916 1220 1950; x_wconf 80' lang='lat' dir='ltr'><strong>patrem</strong></span> <span class='ocrx_word' id='word_1_596' title='bbox 1235 1912 1376 1942; x_wconf 80' lang='lat' dir='ltr'><strong>cultellos</strong></span> <span class='ocrx_word' id='word_1_597' title='bbox 1394 1911 1578 1950; x_wconf 64' lang='lat' dir='ltr'><strong>venditasse,</strong></span> <span class='ocrx_word' id='word_1_598' title='bbox 1594 1914 1721 1944; x_wconf 75' lang='lat' dir='ltr'><strong>omnium</strong></span> <span class='ocrx_word' id='word_1_599' title='bbox 1732 1917 1813 1954; x_wconf 61' lang='lat' dir='ltr'><strong>pene</strong></span> 
     </span>
     <span class='ocr_line' id='line_1_103' title="bbox 984 1953 1430 1993; baseline -0.002 -11"><span class='ocrx_word' id='word_1_600' title='bbox 984 1953 1134 1983; x_wconf 82' lang='lat' dir='ltr'><strong>doctorum</strong></span> <span class='ocrx_word' id='word_1_601' title='bbox 1150 1954 1246 1984; x_wconf 77' lang='lat' dir='ltr'><strong>literoe</strong></span> <span class='ocrx_word' id='word_1_602' title='bbox 1258 1957 1430 1993; x_wconf 80' lang='lat' dir='ltr'><strong>loquuntur.</strong></span> 
     </span>
    </p>

    <p class='ocr_par' dir='ltr' id='par_1_24' title="bbox 970 1996 1812 2164">
     <span class='ocr_line' id='line_1_104' title="bbox 1029 1996 1812 2041; baseline 0.005 -15"><span class='ocrx_word' id='word_1_603' title='bbox 1029 1996 1100 2026; x_wconf 79' lang='lat'><strong>1:31.</strong></span> <span class='ocrx_word' id='word_1_604' title='bbox 1114 1996 1306 2038; x_wconf 73' lang='lat' dir='ltr'><strong>forcipibus]</strong></span> <span class='ocrx_word' id='word_1_605' title='bbox 1323 1997 1375 2026; x_wconf 81' lang='lat' dir='ltr'><strong>Ex</strong></span> <span class='ocrx_word' id='word_1_606' title='bbox 1391 1997 1499 2026; x_wconf 90' lang='lat' dir='ltr'><strong>Nonio</strong></span> <span class='ocrx_word' id='word_1_607' title='bbox 1512 1996 1677 2036; x_wconf 81' lang='lat' dir='ltr'><strong>Marcello,</strong></span> <span class='ocrx_word' id='word_1_608' title='bbox 1690 2000 1717 2029; x_wconf 51' lang='grc' dir='ltr'><strong>ἅ»</strong></span> <span class='ocrx_word' id='word_1_609' title='bbox 1733 2002 1812 2041; x_wconf 79' lang='lat' dir='ltr'><strong>aliis,</strong></span> 
     </span>
     <span class='ocr_line' id='line_1_105' title="bbox 970 2038 1811 2082; baseline 0.007 -15"><span class='ocrx_word' id='word_1_610' title='bbox 970 2038 1115 2078; x_wconf 85' lang='lat' dir='ltr'><strong>fornum,</strong></span> <span class='ocrx_word' id='word_1_611' title='bbox 1132 2040 1217 2070; x_wconf 86' lang='lat' dir='ltr'><strong>idem</strong></span> <span class='ocrx_word' id='word_1_612' title='bbox 1234 2046 1281 2069; x_wconf 88' lang='lat' dir='ltr'><strong>est</strong></span> <span class='ocrx_word' id='word_1_613' title='bbox 1295 2040 1393 2079; x_wconf 87' lang='lat' dir='ltr'><strong>quod,</strong></span> <span class='ocrx_word' id='word_1_614' title='bbox 1408 2039 1539 2068; x_wconf 77' lang='lat' dir='ltr'><strong>calidum</strong></span> <span class='ocrx_word' id='word_1_615' title='bbox 1550 2050 1559 2067; x_wconf 88' lang='grc'><strong>.-</strong></span> <span class='ocrx_word' id='word_1_616' title='bbox 1585 2039 1660 2070; x_wconf 89' lang='lat' dir='ltr'><strong>hinc</strong></span> <span class='ocrx_word' id='word_1_617' title='bbox 1677 2042 1811 2082; x_wconf 86' lang='lat' dir='ltr'><strong>forcipes</strong></span> 
     </span>
     <span class='ocr_line' id='line_1_106' title="bbox 979 2082 1808 2121; baseline 0.007 -9"><span class='ocrx_word' id='word_1_618' title='bbox 979 2084 1071 2120; x_wconf 81' lang='lat' dir='ltr'><strong>quasi</strong></span> <span class='ocrx_word' id='word_1_619' title='bbox 1084 2082 1224 2112; x_wconf 83' lang='lat' dir='ltr'><strong>calidum</strong></span> <span class='ocrx_word' id='word_1_620' title='bbox 1243 2083 1416 2121; x_wconf 79' lang='lat' dir='ltr'><strong>capientes,</strong></span> <span class='ocrx_word' id='word_1_621' title='bbox 1439 2082 1526 2120; x_wconf 80' lang='lat' dir='ltr'><strong>quod</strong></span> <span class='ocrx_word' id='word_1_622' title='bbox 1539 2082 1677 2115; x_wconf 74' lang='lat' dir='ltr'><strong>candens</strong></span> <span class='ocrx_word' id='word_1_623' title='bbox 1689 2085 1808 2118; x_wconf 84' lang='lat' dir='ltr'><strong>ferrum</strong></span> 
     </span>
     <span class='ocr_line' id='line_1_107' title="bbox 977 2123 1467 2164; baseline 0 -11"><span class='ocrx_word' id='word_1_624' title='bbox 977 2129 1119 2155; x_wconf 86' lang='lat' dir='ltr'><strong>teneant.</strong></span> <span class='ocrx_word' id='word_1_625' title='bbox 1163 2125 1277 2164; x_wconf 80' lang='lat' dir='ltr'><strong>Virgil.</strong></span> <span class='ocrx_word' id='word_1_626' title='bbox 1292 2123 1421 2155; x_wconf 84' lang='lat' dir='ltr'><strong>AEneid.</strong></span> <span class='ocrx_word' id='word_1_627' title='bbox 1437 2125 1467 2154; x_wconf 80' lang='lat'><strong>8.</strong></span> 
     </span>
    </p>

    <p class='ocr_par' dir='ltr' id='par_1_25' title="bbox 1068 2167 1650 2206">
     <span class='ocr_line' id='line_1_108' title="bbox 1068 2167 1650 2206; baseline 0.002 -9"><span class='ocrx_word' id='word_1_628' title='bbox 1068 2167 1252 2206; x_wconf 81' lang='lat' dir='ltr'><strong>Versantque</strong></span> <span class='ocrx_word' id='word_1_629' title='bbox 1269 2167 1498 2206; x_wconf 68' lang='lat' dir='ltr'><strong>tenaciforcipe</strong></span> <span class='ocrx_word' id='word_1_630' title='bbox 1513 2177 1650 2199; x_wconf 69' lang='lat' dir='ltr'><strong>massam.</strong></span> 
     </span>
    </p>

    <p class='ocr_par' dir='ltr' id='par_1_26' title="bbox 976 2209 1805 2420">
     <span class='ocr_line' id='line_1_109' title="bbox 1024 2209 1803 2253; baseline 0.005 -13"><span class='ocrx_word' id='word_1_631' title='bbox 1024 2212 1093 2240; x_wconf 73' lang='lat'><strong>132.</strong></span> <span class='ocrx_word' id='word_1_632' title='bbox 1142 2209 1237 2239; x_wconf 81' lang='lat' dir='ltr'><strong>Luteo</strong></span> <span class='ocrx_word' id='word_1_633' title='bbox 1258 2209 1404 2248; x_wconf 75' lang='lat' dir='ltr'><strong>Vulcano]</strong></span> <span class='ocrx_word' id='word_1_634' title='bbox 1452 2212 1479 2239; x_wconf 68' lang='lat' dir='ltr'>A</span> <span class='ocrx_word' id='word_1_635' title='bbox 1506 2212 1630 2241; x_wconf 83' lang='lat' dir='ltr'><strong>camino</strong></span> <span class='ocrx_word' id='word_1_636' title='bbox 1662 2214 1689 2242; x_wconf 65' lang='lat'><strong>3.-</strong></span> <span class='ocrx_word' id='word_1_637' title='bbox 1720 2214 1803 2253; x_wconf 85' lang='lat' dir='ltr'><strong>igne.</strong></span> 
     </span>
     <span class='ocr_line' id='line_1_110' title="bbox 977 2252 1805 2296; baseline 0.007 -14"><span class='ocrx_word' id='word_1_638' title='bbox 977 2252 1165 2284; x_wconf 88' lang='lat' dir='ltr'><strong>Vulcanum</strong></span> <span class='ocrx_word' id='word_1_639' title='bbox 1203 2254 1326 2292; x_wconf 82' lang='lat' dir='ltr'><strong>quippe</strong></span> <span class='ocrx_word' id='word_1_640' title='bbox 1364 2253 1547 2282; x_wconf 78' lang='lat' dir='ltr'><strong>fabulantur</strong></span> <span class='ocrx_word' id='word_1_641' title='bbox 1585 2253 1690 2284; x_wconf 91' lang='lat' dir='ltr'><strong>Deum</strong></span> <span class='ocrx_word' id='word_1_642' title='bbox 1728 2258 1805 2296; x_wconf 88' lang='lat' dir='ltr'><strong>ignis</strong></span> 
     </span>
     <span class='ocr_line' id='line_1_111' title="bbox 977 2295 1804 2336; baseline 0.006 -12"><span class='ocrx_word' id='word_1_643' title='bbox 977 2297 1154 2335; x_wconf 69' lang='lat' dir='ltr'><strong>praesidem,</strong></span> <span class='ocrx_word' id='word_1_644' title='bbox 1185 2296 1309 2326; x_wconf 81' lang='lat' dir='ltr'><strong>fabrum</strong></span> <span class='ocrx_word' id='word_1_645' title='bbox 1340 2297 1432 2325; x_wconf 63' lang='lat' dir='ltr'><strong>etiam</strong></span> <span class='ocrx_word' id='word_1_646' title='bbox 1462 2295 1619 2331; x_wconf 84' lang='lat' dir='ltr'><strong>Deorum,</strong></span> <span class='ocrx_word' id='word_1_647' title='bbox 1642 2303 1739 2336; x_wconf 84' lang='lat' dir='ltr'><strong>atque</strong></span> <span class='ocrx_word' id='word_1_648' title='bbox 1769 2301 1804 2331; x_wconf 84' lang='lat' dir='ltr'><strong>in</strong></span> 
     </span>
     <span class='ocr_line' id='line_1_112' title="bbox 979 2337 1803 2376; baseline 0.007 -9"><span class='ocrx_word' id='word_1_649' title='bbox 979 2338 1104 2369; x_wconf 87' lang='lat' dir='ltr'><strong>Lemno</strong></span> <span class='ocrx_word' id='word_1_650' title='bbox 1120 2339 1230 2369; x_wconf 83' lang='lat' dir='ltr'><strong>Insula</strong></span> <span class='ocrx_word' id='word_1_651' title='bbox 1255 2337 1416 2368; x_wconf 85' lang='lat' dir='ltr'><strong>officinam</strong></span> <span class='ocrx_word' id='word_1_652' title='bbox 1433 2338 1559 2376; x_wconf 84' lang='lat' dir='ltr'><strong>habere,</strong></span> <span class='ocrx_word' id='word_1_653' title='bbox 1584 2340 1637 2368; x_wconf 83' lang='lat' dir='ltr'><strong>ubi</strong></span> <span class='ocrx_word' id='word_1_654' title='bbox 1654 2341 1803 2373; x_wconf 85' lang='lat' dir='ltr'><strong>ministris</strong></span> 
     </span>
     <span class='ocr_line' id='line_1_113' title="bbox 976 2379 1597 2420; baseline -0.002 -10"><span class='ocrx_word' id='word_1_655' title='bbox 976 2380 1174 2420; x_wconf 88' lang='lat' dir='ltr'><strong>Cyclopibus</strong></span> <span class='ocrx_word' id='word_1_656' title='bbox 1186 2382 1262 2412; x_wconf 87' lang='lat' dir='ltr'><strong>Jovi</strong></span> <span class='ocrx_word' id='word_1_657' title='bbox 1277 2380 1416 2411; x_wconf 61' lang='lat' dir='ltr'><strong>fulmina</strong></span> <span class='ocrx_word' id='word_1_658' title='bbox 1430 2379 1597 2409; x_wconf 77' lang='lat' dir='ltr'><strong>fabricatur</strong></span> 
     </span>
    </p>

    <p class='ocr_par' dir='ltr' id='par_1_27' title="bbox 971 2422 1801 2631">
     <span class='ocr_line' id='line_1_114' title="bbox 1015 2422 1801 2464; baseline -0.001 -11"><span class='ocrx_word' id='word_1_659' title='bbox 1015 2423 1130 2462; x_wconf 73' lang='lat' dir='ltr'><strong>Lateo]</strong></span> <span class='ocrx_word' id='word_1_660' title='bbox 1161 2424 1235 2457; x_wconf 82' lang='lat' dir='ltr'><strong>Vel,</strong></span> <span class='ocrx_word' id='word_1_661' title='bbox 1251 2430 1329 2461; x_wconf 86' lang='lat' dir='ltr'><strong>atro,</strong></span> <span class='ocrx_word' id='word_1_662' title='bbox 1344 2422 1490 2459; x_wconf 86' lang='lat' dir='ltr'><strong>deformi,</strong></span> <span class='ocrx_word' id='word_1_663' title='bbox 1506 2423 1675 2462; x_wconf 84' lang='lat' dir='ltr'><strong>squallido,</strong></span> <span class='ocrx_word' id='word_1_664' title='bbox 1690 2428 1801 2464; x_wconf 66' lang='lat' dir='ltr'><strong>quales</strong></span> 
     </span>
     <span class='ocr_line' id='line_1_115' title="bbox 973 2465 1799 2504; baseline 0.004 -10"><span class='ocrx_word' id='word_1_665' title='bbox 973 2466 1072 2496; x_wconf 79' lang='lat' dir='ltr'><strong>ferme</strong></span> <span class='ocrx_word' id='word_1_666' title='bbox 1091 2467 1194 2504; x_wconf 81' lang='lat' dir='ltr'><strong>Fabri,</strong></span> <span class='ocrx_word' id='word_1_667' title='bbox 1216 2466 1234 2496; x_wconf 79' lang='grc' dir='ltr'>ὲ</span> <span class='ocrx_word' id='word_1_668' title='bbox 1251 2467 1398 2502; x_wconf 88' lang='lat' dir='ltr'><strong>carbone,</strong></span> <span class='ocrx_word' id='word_1_669' title='bbox 1416 2465 1560 2503; x_wconf 82' lang='lat' dir='ltr'><strong>fuligine,</strong></span> <span class='ocrx_word' id='word_1_670' title='bbox 1576 2467 1722 2497; x_wconf 84' lang='lat' dir='ltr'><strong>camino:</strong></span> <span class='ocrx_word' id='word_1_671' title='bbox 1748 2473 1799 2502; x_wconf 72' lang='lat' dir='ltr'><strong>vel</strong></span> 
     </span>
     <span class='ocr_line' id='line_1_116' title="bbox 973 2506 1798 2546; baseline 0.005 -9"><span class='ocrx_word' id='word_1_672' title='bbox 973 2509 1043 2539; x_wconf 89' lang='lat' dir='ltr'><strong>rufo</strong></span> <span class='ocrx_word' id='word_1_673' title='bbox 1074 2510 1228 2546; x_wconf 89' lang='lat' dir='ltr'><strong>lucidiori,</strong></span> <span class='ocrx_word' id='word_1_674' title='bbox 1256 2515 1292 2538; x_wconf 92' lang='lat' dir='ltr'><strong>ut</strong></span> <span class='ocrx_word' id='word_1_675' title='bbox 1321 2509 1419 2546; x_wconf 81' lang='lat' dir='ltr'><strong>prima</strong></span> <span class='ocrx_word' id='word_1_676' title='bbox 1445 2506 1564 2545; x_wconf 85' lang='lat' dir='ltr'><strong>syllaba</strong></span> <span class='ocrx_word' id='word_1_677' title='bbox 1595 2510 1798 2546; x_wconf 83' lang='lat' dir='ltr'><strong>producatur.</strong></span> 
     </span>
     <span class='ocr_line' id='line_1_117' title="bbox 971 2549 1795 2588; baseline 0.007 -8"><span class='ocrx_word' id='word_1_678' title='bbox 971 2551 1023 2581; x_wconf 90' lang='lat' dir='ltr'><strong>Sic</strong></span> <span class='ocrx_word' id='word_1_679' title='bbox 1048 2553 1076 2581; x_wconf 73' lang='grc' dir='ltr'><strong>δε</strong></span> <span class='ocrx_word' id='word_1_680' title='bbox 1093 2552 1176 2582; x_wconf 88' lang='lat' dir='ltr'><strong>Gell.</strong></span> <span class='ocrx_word' id='word_1_681' title='bbox 1210 2552 1262 2581; x_wconf 89' lang='lat' dir='ltr'><strong>lib.</strong></span> <span class='ocrx_word' id='word_1_682' title='bbox 1278 2552 1297 2579; x_wconf 77' lang='lat'>2</span> <span class='ocrx_word' id='word_1_683' title='bbox 1342 2560 1410 2588; x_wconf 82' lang='lat' dir='ltr'><strong>cap.</strong></span> <span class='ocrx_word' id='word_1_684' title='bbox 1429 2549 1470 2578; x_wconf 69' lang='lat'><strong>26</strong></span> <span class='ocrx_word' id='word_1_685' title='bbox 1510 2552 1526 2578; x_wconf 78' lang='lat' dir='ltr'><strong>a</strong></span> <span class='ocrx_word' id='word_1_686' title='bbox 1542 2550 1615 2580; x_wconf 86' lang='lat' dir='ltr'><strong>luce</strong></span> <span class='ocrx_word' id='word_1_687' title='bbox 1631 2555 1734 2584; x_wconf 79' lang='lat' dir='ltr'><strong>vocari</strong></span> <span class='ocrx_word' id='word_1_688' title='bbox 1747 2556 1795 2586; x_wconf 92' lang='lat' dir='ltr'><strong>lu-</strong></span> 
     </span>
     <span class='ocr_line' id='line_1_118' title="bbox 971 2594 1388 2631; baseline -0.005 -9"><span class='ocrx_word' id='word_1_689' title='bbox 971 2598 1059 2624; x_wconf 85' lang='lat' dir='ltr'><strong>teum</strong></span> <span class='ocrx_word' id='word_1_690' title='bbox 1074 2595 1211 2624; x_wconf 82' lang='lat' dir='ltr'><strong>colorem</strong></span> <span class='ocrx_word' id='word_1_691' title='bbox 1225 2594 1388 2631; x_wconf 84' lang='lat' dir='ltr'><strong>opinatur.</strong></span> 
     </span>
    </p>

    <p class='ocr_par' dir='ltr' id='par_1_28' title="bbox 964 2634 1795 2974">
     <span class='ocr_line' id='line_1_119' title="bbox 1012 2634 1795 2677; baseline 0.005 -11"><span class='ocrx_word' id='word_1_692' title='bbox 1012 2638 1063 2667; x_wconf 78' lang='lat' dir='ltr'><strong>Ad</strong></span> <span class='ocrx_word' id='word_1_693' title='bbox 1075 2635 1224 2674; x_wconf 79' lang='lat' dir='ltr'><strong>Rhetora]</strong></span> <span class='ocrx_word' id='word_1_694' title='bbox 1248 2636 1362 2664; x_wconf 78' lang='lat' dir='ltr'><strong>lsaeum</strong></span> <span class='ocrx_word' id='word_1_695' title='bbox 1380 2634 1551 2664; x_wconf 83' lang='lat' dir='ltr'><strong>Rhetoricae</strong></span> <span class='ocrx_word' id='word_1_696' title='bbox 1569 2644 1795 2677; x_wconf 67' lang='lat' dir='ltr'><strong>praeceptorem</strong></span> 
     </span>
     <span class='ocr_line' id='line_1_120' title="bbox 967 2677 1794 2717; baseline 0.007 -10"><span class='ocrx_word' id='word_1_697' title='bbox 967 2677 1044 2710; x_wconf 87' lang='lat' dir='ltr'><strong>adiit</strong></span> <span class='ocrx_word' id='word_1_698' title='bbox 1059 2679 1246 2717; x_wconf 81' lang='lat' dir='ltr'><strong>audivitque</strong></span> <span class='ocrx_word' id='word_1_699' title='bbox 1263 2677 1511 2714; x_wconf 81' lang='lat' dir='ltr'><strong>Demosthenes,</strong></span> <span class='ocrx_word' id='word_1_700' title='bbox 1537 2684 1623 2708; x_wconf 84' lang='lat' dir='ltr'><strong>patre</strong></span> <span class='ocrx_word' id='word_1_701' title='bbox 1633 2681 1700 2717; x_wconf 85' lang='lat' dir='ltr'><strong>jam</strong></span> <span class='ocrx_word' id='word_1_702' title='bbox 1713 2692 1794 2712; x_wconf 88' lang='lat' dir='ltr'><strong>mor-</strong></span> 
     </span>
     <span class='ocr_line' id='line_1_121' title="bbox 966 2721 1791 2755; baseline 0.006 -5"><span class='ocrx_word' id='word_1_703' title='bbox 966 2726 1033 2751; x_wconf 85' lang='lat' dir='ltr'><strong>tuo.</strong></span> <span class='ocrx_word' id='word_1_704' title='bbox 1080 2722 1147 2752; x_wconf 87' lang='lat' dir='ltr'><strong>Cur</strong></span> <span class='ocrx_word' id='word_1_705' title='bbox 1171 2728 1279 2750; x_wconf 83' lang='lat' dir='ltr'><strong>autem</strong></span> <span class='ocrx_word' id='word_1_706' title='bbox 1307 2730 1372 2749; x_wconf 91' lang='lat' dir='ltr'><strong>non</strong></span> <span class='ocrx_word' id='word_1_707' title='bbox 1387 2729 1421 2749; x_wconf 87' lang='lat' dir='ltr'><strong>se</strong></span> <span class='ocrx_word' id='word_1_708' title='bbox 1436 2721 1605 2751; x_wconf 74' lang='lat' dir='ltr'><strong>contulerit</strong></span> <span class='ocrx_word' id='word_1_709' title='bbox 1622 2722 1659 2751; x_wconf 85' lang='lat' dir='ltr'><strong>ad</strong></span> <span class='ocrx_word' id='word_1_710' title='bbox 1677 2723 1791 2755; x_wconf 84' lang='lat' dir='ltr'><strong>Isocra-</strong></span> 
     </span>
     <span class='ocr_line' id='line_1_122' title="bbox 966 2761 1792 2802; baseline 0.004 -8"><span class='ocrx_word' id='word_1_711' title='bbox 966 2771 1028 2794; x_wconf 86' lang='lat' dir='ltr'><strong>tem</strong></span> <span class='ocrx_word' id='word_1_712' title='bbox 1044 2765 1100 2802; x_wconf 88' lang='lat' dir='ltr'><strong>qui</strong></span> <span class='ocrx_word' id='word_1_713' title='bbox 1115 2772 1192 2793; x_wconf 88' lang='lat' dir='ltr'><strong>tunc</strong></span> <span class='ocrx_word' id='word_1_714' title='bbox 1206 2761 1358 2792; x_wconf 83' lang='lat' dir='ltr'><strong>florebat?</strong></span> <span class='ocrx_word' id='word_1_715' title='bbox 1383 2762 1475 2792; x_wconf 54' lang='lat' dir='ltr'><strong>Forte»</strong></span> <span class='ocrx_word' id='word_1_716' title='bbox 1491 2763 1575 2801; x_wconf 76' lang='lat' dir='ltr'><strong>quod</strong></span> <span class='ocrx_word' id='word_1_717' title='bbox 1594 2774 1658 2794; x_wconf 86' lang='lat' dir='ltr'><strong>nou</strong></span> <span class='ocrx_word' id='word_1_718' title='bbox 1676 2767 1792 2797; x_wconf 82' lang='lat' dir='ltr'><strong>valeret</strong></span> 
     </span>
     <span class='ocr_line' id='line_1_123' title="bbox 966 2805 1792 2844; baseline 0.002 -7"><span class='ocrx_word' id='word_1_719' title='bbox 966 2813 1087 2837; x_wconf 87' lang='lat' dir='ltr'><strong>tantam</strong></span> <span class='ocrx_word' id='word_1_720' title='bbox 1114 2812 1233 2834; x_wconf 76' lang='lat' dir='ltr'><strong>solvere</strong></span> <span class='ocrx_word' id='word_1_721' title='bbox 1257 2805 1451 2843; x_wconf 87' lang='lat' dir='ltr'><strong>mercedem,</strong></span> <span class='ocrx_word' id='word_1_722' title='bbox 1478 2813 1630 2844; x_wconf 87' lang='lat' dir='ltr'><strong>quantam</strong></span> <span class='ocrx_word' id='word_1_723' title='bbox 1654 2808 1706 2837; x_wconf 81' lang='lat' dir='ltr'><strong>ille</strong></span> <span class='ocrx_word' id='word_1_724' title='bbox 1722 2812 1792 2839; x_wconf 83' lang='lat' dir='ltr'><strong>exi-</strong></span> 
     </span>
     <span class='ocr_line' id='line_1_124' title="bbox 965 2847 1791 2888; baseline 0.001 -10"><span class='ocrx_word' id='word_1_725' title='bbox 965 2850 1070 2888; x_wconf 77' lang='lat' dir='ltr'><strong>gebat,</strong></span> <span class='ocrx_word' id='word_1_726' title='bbox 1096 2847 1214 2886; x_wconf 79' lang='lat' dir='ltr'><strong>nempe</strong></span> <span class='ocrx_word' id='word_1_727' title='bbox 1241 2848 1351 2877; x_wconf 69' lang='lat' dir='ltr'><strong>decem</strong></span> <span class='ocrx_word' id='word_1_728' title='bbox 1377 2849 1489 2881; x_wconf 75' lang='lat' dir='ltr'><strong>minas.</strong></span> <span class='ocrx_word' id='word_1_729' title='bbox 1537 2848 1620 2878; x_wconf 88' lang='lat' dir='ltr'><strong>Nam</strong></span> <span class='ocrx_word' id='word_1_730' title='bbox 1648 2856 1791 2882; x_wconf 88' lang='lat' dir='ltr'><strong>tutorum</strong></span> 
     </span>
     <span class='ocr_line' id='line_1_125' title="bbox 966 2889 1792 2931; baseline 0.004 -10"><span class='ocrx_word' id='word_1_731' title='bbox 966 2889 1160 2931; x_wconf 64' lang='lat' dir='ltr'><strong>negligentia</strong></span> <span class='ocrx_word' id='word_1_732' title='bbox 1186 2890 1329 2929; x_wconf 82' lang='lat' dir='ltr'><strong>locuples</strong></span> <span class='ocrx_word' id='word_1_733' title='bbox 1354 2891 1423 2928; x_wconf 78' lang='lat' dir='ltr'><strong>ejus</strong></span> <span class='ocrx_word' id='word_1_734' title='bbox 1459 2891 1689 2931; x_wconf 79' lang='lat' dir='ltr'><strong>patrimonium</strong></span> <span class='ocrx_word' id='word_1_735' title='bbox 1727 2893 1792 2924; x_wconf 76' lang='lat' dir='ltr'><strong>fere</strong></span> 
     </span>
     <span class='ocr_line' id='line_1_126' title="bbox 964 2932 1407 2974; baseline -0.002 -9"><span class='ocrx_word' id='word_1_736' title='bbox 964 2936 1107 2974; x_wconf 73' lang='lat' dir='ltr'><strong>perierat.</strong></span> <span class='ocrx_word' id='word_1_737' title='bbox 1152 2932 1233 2964; x_wconf 78' lang='lat' dir='ltr'><strong>Haec</strong></span> <span class='ocrx_word' id='word_1_738' title='bbox 1250 2933 1407 2965; x_wconf 77' lang='lat' dir='ltr'><strong>Plutarch.</strong></span> 
     </span>
    </p>
   </div>
   <div class='ocr_carea' id='block_1_13' title="bbox 1776 66 1852 107">
    <p class='ocr_par' dir='ltr' id='par_1_29' title="bbox 1776 66 1852 107">
     <span class='ocr_line' id='line_1_127' title="bbox 1776 66 1852 107; baseline 0.013 -1"><span class='ocrx_word' id='word_1_739' title='bbox 1776 66 1852 107; x_wconf 81' lang='lat'><strong>183</strong></span> 
     </span>
    </p>
   </div>
  </div>
 </body>
</html>
