1948 3281
105 95 188 138 108

645 90 673 134 J
679 89 985 136 UVENALIS
1018 88 1237 133 SATIRA
1265 91 1349 135 VI.

56 182 59 184 ’
96 186 218 224 confert
231 185 404 223 Poetas‚ac
417 183 525 214 deinde
543 182 609 212 Vir·
624 181 865 223 Committit
885 189 1010 232 vates,
1038 181 1077 222 Sc
1093 190 1302 236 comparat
1319 180 1414 223 inde
1433 180 1672 234 Maronem,

1732 178 1818 226 433³

97 229 207 260 “dium
238 233 401 268 ⁶⁰⁷⁷⁷1‘0⁷’²⁶’
433 229 455 266 ᾇ
484 227 610 256 abunde
621 240 763 295 Atque
784 239 863 280 alia
886 246 995 293 parte
1017 237 1061 278 in
1085 238 1238 279 trutina
1265 239 1479 293 suspendit
1500 241 1752 282 Homerum.

92 253 260 303 {ramerum
283 273 314 301 in
338 272 417 301 libra
438 270 605 300 examinat.

97 316 278 346 Concedunt
292 315 529 350 Grammatistoe‚
559 323 606 342 su·
623 297 790 337 Cedunt
812 294 1104 345 Grammatiei‚
1136 295 1360 336 vincuntur
1382 297 1598 350 Rhetores,
1621 297 1760 340 omnis

88 363 244 398 permitur
260 359 418 407 Oratores,
440 356 513 386 silet
538 353 757 395 uni-Turba
779 362 900 403 tacet,
925 368 1001 394 nec
1024 351 1271 403 causidicus,
1294 368 1370 394 nec
1393 368 1527 407 praeco
1549 355 1755 412 loquatur,

94 413 183 432 ''m“
211 401 386 436 vintiundo,
409 408 505 438 ”eque
534 408 605 427 cau-
619 411 760 451 Altera
782 425 858 451 nec
879 410 1026 452 mulier
1044 425 1054 450 ε
1087 409 1304 451 verborum
1327 419 1438 451 tanta
1460 411 1566 453 cadit
1587 412 1663 455 vis.

92 454 194 474 sarum
232 448 332 482 actor,
368 453 462 482 neque
497 449 605 480 praeco,

91 497 189 527 neque
205 488 268 517 aaa
281 487 419 525 faemz'na
443 486 532 514 veroa
547 484 605 521 fiz-
618 469 700 508 Tot
722 467 868 522 pariter
893 467 1043 522 pelves,
1079 467 1119 508 δι’,
1141 466 1417 509 tintinnabula
1438 467 1548 510 dicas

851 526 946 566 Jam
970 525 1077 566 nebo
1101 524 1218 566 tubas
1239 533 1363 581 atque
1383 540 1463 566 aera
1481 525 1648 583 fatiget:

90 531 176 561 ciat:
201 531 277 561 adeo
302 538 433 570 magnus
457 527 606 557 orationis
620 525 790 566 pulsari,

1730 469 1816 512 440

91 578 222 613 impetus
242 573 382 611 pr‘fflw'
427 570 606 608 Affirmares
619 583 718 623 Una
739 582 939 637 laboranti
960 582 1108 638 poterit
1129 597 1363 625 succurrere
1384 583 1535 625 Lunae.

85 616 227 655 patellas
240 616 366 645 totidem
378 617 401 652 tir
416 613 605 651 crepitacula

88 659 182 689 simul
192 658 326 699 percuti.
370 658 422 687 Ne
435 656 502 694 quis
518 656 602 685 deiu-

619 639 805 695 Imponit
827 640 952 681 finem
976 640 1135 695 sapiens
1162 640 1202 681 Sc
1217 639 1336 681 rebus
1355 639 1554 682 honestis.

89 711 161 742 ceps
207 701 345 741 exagitet
383 699 535 736 buccinas,
581 698 731 739 &Nam
753 714 848 754 quae
870 698 990 740 docta
1009 697 1135 740 nimis
1158 697 1272 753 cupit
1296 698 1336 739 Sc
1356 697 1536 739 facunda
1557 696 1696 751 videri,

87 755 162 775 *²⁵³
190 755 290 774 aerea:
321 745 386 772 '⁹⁰2⁴‘
414 743 477 772 ἠως
504 746 604 780 οΡῖῘΨ
619 755 748 797 Crure
771 766 889 797 tenus
912 755 1049 797 medio
1071 755 1231 796 tunicas
1254 754 1491 811 succingere
1512 755 1647 808 debet,

89 789 151 817 lari
188 791 279 826 queat
303 786 401 816 Luuoe
438 785 601 822 deficienti.

1727 753 1813 799 443

86 829 192 861 Rebus
223 830 317 859 etiam
348 829 454 868 probis
491 828 602 858 limites
617 812 786 854 Caedere
812 813 991 869 Sylvano
1013 828 1203 869 porcum,
1227 813 1452 869 quadrante
1472 813 1610 854 lavari.

87 874 181 903 docta
212 873 393 912 praescrz'bz't.
439 872 602 901 Enimvero
615 871 719 912 Non
739 870 884 912 habeat
905 882 1107 922 matrona,
1132 871 1205 911 tibi
1227 885 1321 926 quae
1335 869 1484 926 juncta
1505 869 1725 924 recumbit,

87 926 154 955 ⁹²⁴oe
189 918 255 945 vm
292 925 442 954 apparere
477 925 602 945 mmmm
613 928 795 970 Dicendi
815 944 962 985 genus,
986 939 1055 971 aut
1079 937 1245 970 curtum
1267 942 1455 969 sermone
1477 936 1610 969 rotato

86 959 230 998 eloquens
244 961 267 997 ⁴55
279 959 413 997 erudita,
430 968 502 990 eam
516 969 602 997 opor-

84 1006 131 1032 tet
147 1006 245 1032 vestes
258 1002 403 1042 colligere
417 1004 459 1031 ad
472 1002 628 1030 dimidiam
643 1010 735 1041 usque
750 1001 868 1040 tibiam,
891 1012 973 1032 suem
996 1006 1132 1031 mactare
1156 1001 1299 1041 Sylvam,
1320 1006 1422 1041 atque
1437 1001 1514 1031 inire
1529 1001 1639 1033 balnea
1661 1010 1718 1040 pro
1735 1009 1813 1041 qua-

85 1046 207 1075 drante.
254 1046 395 1076 Foemina
407 1055 473 1084 quoe
490 1045 546 1074 tibi
567 1046 709 1084 copulata
726 1045 867 1083 accubat,
889 1056 926 1074 ue
939 1049 1043 1075 teneat
1060 1045 1202 1084 loquendi
1217 1045 1376 1084 rationem,
1398 1044 1447 1075 vel
1463 1046 1549 1075 breve
1562 1044 1747 1085 enthymema
1756 1045 1811 1084 ja·

83 1090 204 1118 caletur
219 1090 359 1119 oratioue
374 1086 579 1118 circumacta:
604 1097 701 1127 neque
715 1087 859 1118 historias
873 1088 993 1118 calleat
1010 1089 1166 1118 universas
1179 1099 1195 1124 ‚-

83 1210 160 1240 endi
184 1220 295 1240 causas
321 1214 387 1240 tam
414 1207 491 1238 scite
513 1208 685 1246 descriptas
708 1207 876 1248 aVirgilio
891 1209 921 1240 4.

82 1251 213 1283 AEneid.
246 1255 280 1283 in
305 1263 372 1291 quo
397 1261 561 1281 summam
587 1256 689 1281 artem
709 1251 924 1291 &ingenium

81 1295 191 1325 Poetae
209 1295 430 1333 commendat,
453 1295 511 1333 qui
525 1295 569 1323 sic
587 1294 682 1324 rebus
697 1295 772 1324 dare
786 1295 925 1325 colorem

81 1340 183 1410 ἓονίῑ.
231 1339 316 1369 Vide
347 1339 381 1368 S.
408 1339 498 1375 Aug.
528 1338 583 1366 lib.
603 1338 626 1367 1.
655 1337 802 1368 Confess.
826 1348 854 1367 c.
873 1338 925 1377 13,

123 1425 275 1455 Periturae
289 1424 421 1465 ignoscit
436 1423 546 1462 Elisoe]
569 1422 666 1456 Quod
691 1424 805 1453 amoris
820 1425 922 1463 impa-

81 1468 202 1498 tientiae
233 1469 346 1498 tribuit
372 1468 538 1507 Virgilius,
576 1467 796 1496 honestiorem
823 1467 923 1498 habet

80 1520 212 1542 causam
238 1513 325 1550 apud
347 1521 455 1551 graves
472 1511 622 1540 Antores.
670 1509 799 1549 Nempe
816 1516 853 1540 ut
869 1519 917 1540 se-

79 1555 200 1584 cundas
228 1556 322 1584 Iarba*
355 1555 439 1592 proci
467 1554 595 1591 nuptias
621 1554 741 1582 armata
772 1554 920 1584 instantis

80 1607 180 1627 manu
196 1598 384 1634 declinaret,
409 1596 589 1626 voluntaria
608 1602 711 1626 morte
724 1597 918 1626 occumbere

80 1639 249 1671 Didonem
275 1641 437 1677 maluisse,
461 1641 558 1678 quam
590 1640 696 1669 datam
728 1640 823 1678 priori
854 1641 920 1669 viro

76 1683 174 1714 fidem
191 1685 321 1721 violare,
337 1683 507 1713 affirmant.
545 1682 591 1711 Hi
607 1681 690 1712 certe
707 1682 855 1712 historica
870 1693 922 1712 ve-

77 1727 182 1765 ritate,
207 1729 260 1757 ille
275 1725 401 1757 Poenos
418 1724 551 1755 licentia
565 1727 770 1765 scripserunt.

119 1771 231 1809 Etisae]
255 1770 346 1801 Elisa
371 1770 440 1798 sse¹i
468 1770 640 1808 Tyriorum
670 1770 750 1807 regis
774 1768 851 1806 filia,
881 1769 921 1798 ob

75 1813 165 1843 virile
183 1815 284 1844 animi
302 1813 396 1843 robur
414 1812 500 1841 Dido
515 1813 754 1851 cognominata,
767 1811 919 1841 Herculis

75 1857 239 1887 Sacerdoti
257 1858 383 1887 Sichzeo
398 1855 540 1894 primum
560 1862 675 1894 nuptu,
691 1865 729 1884 eo
745 1864 802 1893 per
817 1856 917 1885 fratris

75 1901 178 1930 scelus
194 1901 405 1938 interempto,
430 1899 463 1928 in
479 1898 621 1928 Africam
648 1907 728 1927 nave
746 1900 918 1928 conscensa

73 1942 171 1983 fugit,
197 1944 253 1973 ubi
291 1942 521 1981 Carthaginem
552 1941 707 1971 condidit.
749 1940 918 1981 (meminit

74 1987 212 2016 Sueton.
244 1987 320 2016 Ner.
351 1996 422 2023 cap.
458 1985 526 2024 31.)
593 1985 682 2014 Tum
715 1983 821 2013 Iarbas
853 1984 917 2014 Ge-

75 2030 162 2059 tuliae
192 2040 250 2060 rex
272 2030 403 2068 nuptias
433 2029 520 2057 illius
547 2033 716 2067 appetens,
740 2028 833 2056 armis
859 2028 917 2056 eti-

73 2081 127 2103 am
146 2079 341 2111 extorquere
357 2071 411 2101 sed
434 2071 550 2101 frustra
572 2072 673 2109 nisus,
698 2075 735 2100 ut
750 2079 830 2100 mox
847 2069 915 2099 dic-

72 2122 155 2146 tum.

118 2159 207 2189 Hinc
225 2158 395 2189 Ausonius
414 2157 576 2196 Epigram.
598 2157 674 2186 111.

73 2200 137 2233 Illa
152 2212 209 2244 ego
220 2212 284 2232 sum
297 2201 391 2239 Dido,
405 2202 427 2238 ἐς
441 2202 525 2229 vultu
538 2210 628 2239 quam
643 2199 789 2238 conspicis
800 2199 917 2239 hospes,

117 2245 302 2276 Assimilata
317 2244 424 2281 modis,
436 2243 607 2283 pulcraque
623 2243 770 2279 mirificis.

77 2288 164 2319 Talis
178 2299 259 2319 eram
270 2300 279 2316 .·
303 2289 357 2318 sed
371 2297 430 2316 uon
442 2287 538 2316 ll1aro
551 2297 639 2325 quam
650 2286 835 2325 milzifiuxit,
847 2290 915 2316 erat

245 2341 327 2361 meus
340 2343 350 2360 .-

123 2374 192 2404 Vita
210 2384 265 2405 uec
279 2376 402 2405 incestis
417 2375 488 2404 loeta
505 2372 699 2410 cupidinibus
709 2384 718 2400 .-

73 2417 214 2456 Namque
230 2427 284 2447 uec
297 2418 414 2448 AEneas
429 2417 506 2447 vidit
522 2425 568 2444 me
588 2416 695 2445 Tro'ius
710 2425 841 2455 uuquam
850 2427 866 2452 ,-

116 2458 185 2490 Nec
198 2461 326 2501 Lybiam
342 2462 468 2491 advenit
484 2459 631 2490 classibus
645 2459 763 2489 Iliacis.

74 2502 316 2545 Sedfurz'asfug
323 2506 387 2534 ieris
402 2510 493 2544 atque
508 2513 593 2532 arma
605 2503 745 2541 procacis
758 2501 870 2541 Iarbae,

117 2546 381 2586 Servavi,fizteor,
394 2552 490 2578 morte
499 2547 696 2586 pudicitiam,

74 2589 205 2622 Pectore
220 2591 378 2630 transfixo,
401 2593 451 2630 (30.

119 2634 192 2663 435.
220 2632 397 2673 Maronem,
422 2634 601 2673 Homerum]
631 2631 762 2664 Horum
778 2632 913 2662 Poeticae

74 2677 121 2707 rei
141 2675 330 2714 Principum
346 2678 469 2717 Elogia,
483 2678 511 2707 δε
527 2677 815 2716 comparationem,
829 2676 915 2714 apud

74 2721 233 2749 Auctores
265 2720 382 2756 passim
414 2721 566 2750 invenies,
615 2719 757 2753 Quintil.
787 2720 839 2749 lib.
864 2721 915 2750 10.

74 2773 147 2802 cap.
170 2763 195 2791 l.
220 2760 382 2791 Plutarch.
405 2763 507 2801 Opus.
535 2763 646 2792 multis
672 2764 761 2801 locis,
786 2771 913 2801 praeser-

75 2807 137 2836 tim
152 2804 228 2834 vero
256 2804 310 2833 lib.
338 2804 378 2833 (le
395 2805 549 2835 Homero.
575 2805 721 2835 Macrob.
737 2806 806 2835 tum
822 2805 912 2844 alibi,

76 2849 147 2878 tum
163 2847 307 2878 maxime
326 2847 380 2876 lib.
395 2849 424 2876 5.
442 2849 470 2876 δε
488 2848 517 2875 6.
541 2848 625 2878 Gell.
641 2850 696 2878 lib.
713 2850 744 2878 3.
769 2859 839 2887 cap.
857 2850 910 2879 11.

75 2892 129 2921 lib.
147 2891 177 2920 9.
191 2900 261 2929 cap.
272 2890 369 2921 9.l'1b.
390 2892 438 2920 17.
452 2899 523 2929 cap.
540 2892 590 2919 10.
605 2892 632 2920 δε
650 2892 814 2922 alibi.Jul.
828 2891 910 2922 Scal.

75 2934 163 2964 Poet.
180 2935 239 2964 (Sec.

117 2978 192 3007 441.
220 2976 320 3007 Tabas
334 2980 428 3016 atque
441 2974 643 3015 aerajhtiget]
681 2976 831 3009 Quorum
848 2977 910 3007 tin-

72 3020 146 3049 nitu
176 3020 377 3050 laborantem
406 3020 535 3050 Lunam
559 3018 716 3048 sublevari
739 3020 911 3049 credebant

72 3063 285 3101 superstitiosi
311 3068 442 3093 veteres.
486 3061 613 3101 Vulgus
635 3062 723 3091 enim
741 3061 908 3100 Eclipseaos

72 3115 201 3137 eausam
215 3106 376 3146 ignorans,
389 3105 493 3138 aiebat
503 3104 729 3137 Veneficarum
740 3105 908 3138 incantati-

971 1209 1089 1239 onibus
1106 1207 1238 1238 Lunam
1253 1208 1287 1237 in
1303 1211 1399 1237 terras
1412 1207 1546 1245 detrahi,
1568 1207 1704 1246 cogique
1725 1206 1814 1238 virus

969 1252 1102 1291 aliquod
1117 1252 1150 1281 in
1167 1261 1219 1280 eas
1232 1250 1398 1281 cffun'dere
1414 1251 1540 1288 herbas,
1557 1250 1675 1288 quibus
1691 1249 1739 1279 uti
1752 1259 1811 1279 vo-

971 1295 1082 1325 lebant
1099 1295 1138 1323 ad
1154 1295 1286 1334 magica.
1336 1293 1542 1332 Quapropter
1557 1302 1599 1322 ne
1621 1293 1762 1322 carmina
1779 1294 1809 1322 ὅ(

972 1338 1206 1368 incantationes
1233 1338 1358 1367 audiret
1374 1336 1481 1373 Luna,
1506 1336 1649 1365 ululatus
1673 1335 1809 1365 horriso-

972 1390 1031 1410 nos
1047 1385 1146 1419 atque
1161 1381 1310 1419 strepitus
1326 1380 1373 1409 illi
1390 1380 1585 1408 excitabant.
1632 1378 1720 1408 Vide
1735 1377 1809 1407 Vir-

968 1424 1021 1462 gil.
1038 1423 1108 1453 Ecl.
1136 1424 1166 1453 8.
1192 1423 1267 1453 Sen.
1284 1422 1374 1452 Med.
1399 1432 1429 1450 v.
1445 1422 1517 1452 794.
1533 1422 1561 1450 δε
1577 1420 1750 1460 Hippolyt.
1777 1430 1808 1451 v.

968 1465 1041 1497 787.
1065 1467 1189 1502 Lucan.
1214 1466 1266 1495 lib.
1284 1465 1315 1495 6.
1339 1465 1472 1503 Apulei.
1489 1464 1542 1493 lib.
1562 1465 1590 1493 1.
1615 1464 1708 1493 Asin.
1725 1464 1810 1493 Aur.

966 1510 1023 1539 ubi
1040 1510 1214 1548 despumare
1229 1509 1349 1540 Lunam
1366 1511 1465 1544 vocat,
1489 1507 1519 1536 id
1535 1506 1621 1545 quod
1640 1516 1719 1536 mox
1733 1506 1808 1537 dix-

967 1553 1065 1583 imus.
1084 1552 1165 1583 Plin.
1182 1553 1235 1582 lib.
1253 1554 1282 1581 2.
1300 1561 1369 1590 cap.
1390 1552 1440 1581 12.
1462 1550 1500 1580 In
1513 1549 1617 1588 Luna,
1630 1549 1748 1588 inquit,
1758 1559 1808 1579 ve-

963 1596 1072 1633 neficia
1099 1600 1246 1636 arguente
1268 1595 1456 1624 mortalitate
1464 1604 1479 1628 ‚·
1515 1594 1537 1630 ξς
1566 1593 1602 1622 ob
1630 1592 1664 1621 id
1691 1592 1808 1632 crepitu

969 1639 1087 1668 dissono
1104 1638 1287 1668 auoeiliaute.

1011 1684 1085 1712 443.
1108 1682 1242 1721 Imponit
1260 1681 1357 1717 ¹linem
1380 1679 1516 1719 sapiens]
1541 1678 1603 1709 Sed
1619 1679 1648 1708 ἀ
1666 1678 1807 1717 philoso-

968 1726 1060 1763 phari
1076 1726 1228 1755 mulieres
1246 1724 1365 1761 videas,
1388 1732 1424 1753 ac
1440 1723 1603 1762 disputare
1619 1721 1660 1751 de
1675 1731 1806 1752 summo

966 1769 1066 1805 bono,
1092 1770 1118 1798 Sc
1137 1768 1177 1797 de
1191 1771 1326 1797 honesta
1343 1767 1472 1796 vivendi
1487 1767 1618 1797 ratione.

1009 1814 1082 1841 445.
1110 1811 1207 1841 crure
1237 1814 1335 1848 teum,
1365 1810 1430 1848 230]
1452 1810 1592 1839 Virilem
1620 1808 1719 1838 etiam
1742 1808 1804 1837 ha·

963 1855 1070 1884 bitum
1103 1856 1185 1893 quin
1216 1852 1370 1884 assumit?
1406 1853 1509 1882 Vetus
1535 1852 1644 1881 Schol.
1663 1850 1805 1883 Quintil.

961 1898 1017 1927 lib.
1036 1901 1084 1927 11.
1111 1908 1169 1936 cap
1198 1897 1315 1927 ultimo
1331 1897 1374 1925 sic
1392 1896 1519 1926 Oratori
1544 1894 1713 1933 praescribit
1729 1903 1802 1923 ves-

961 1942 1045 1970 tium
1062 1941 1217 1971 formam:
1248 1939 1367 1968 Tunicoe
1387 1938 1539 1977 prioribus
1561 1937 1621 1966 oris
1644 1936 1730 1973 itfi'a
1746 1946 1803 1976 ge..

961 1994 1021 2013 uua
1047 1984 1189 2022 paulum,
1224 1982 1441 2020 posterioribus
1470 1981 1512 2009 ad
1540 1980 1652 2010 medios
1669 1978 1806 2018 poplites

963 2036 1055 2065 usque
1079 2026 1272 2065 perveniant.
1320 2024 1402 2054 Nam
1434 2023 1522 2061 infra
1550 2024 1708 2052 mulierum
1746 2026 1804 2060 est,

962 2070 1054 2108 supra
1084 2069 1298 2098 Centurionum
1617 2065 1706 2105 Toga.»
1727 2075 1805 2103 pars

961 2113 1097 2142 anterior
1110 2113 1215 2142 mediis
1230 2112 1368 2141 cruribus
1383 2110 1495 2149 optime
1511 2108 1703 2146 terminatur,
1722 2109 1782 2139 διο.

1004 2157 1079 2186 446.
1116 2154 1383 2193 CoedereSylvano
1394 2151 1535 2193 porcum]
1571 2152 1679 2183 Debet
1705 2152 1803 2182 etiam

961 2208 1027 2229 non
1045 2206 1081 2229 ut
1095 2199 1224 2235 mulier,
1243 2199 1349 2228 Cereri
1364 2208 1374 2236 3
1397 2197 1450 2227 sed
1465 2201 1501 2226 ut
1520 2197 1579 2234 vir,
1593 2195 1735 2234 Sylvano
1753 2203 1802 2224 sa-

961 2243 1107 2273 crificare.
1155 2240 1305 2280 Sylcanus
1321 2243 1482 2280 Agrorum
1501 2240 1528 2269 <Sc
1547 2238 1668 2277 pecoris
1684 2237 1799 2275 Deus3

960 2286 1015 2315 cui
1030 2287 1123 2315 Sacra
1137 2285 1241 2315 faeere
1254 2284 1446 2314 mulieribus
1462 2281 1670 2313 interdictum
1683 2292 1691 2309 '-
1719 2284 1800 2310 teste

962 2336 1027 2359 vet.
1059 2329 1168 2359 Schol.
1193 2327 1290 2360 Quod
1318 2332 1430 2357 autem
1459 2324 1628 2357 Juvenalis
1653 2323 1710 2361 ait,
1728 2329 1800 2361 por-

962 2382 1040 2407 cum,
1077 2376 1169 2402 notat
1207 2371 1336 2400 fortasse
1370 2370 1565 2409 Epicuream
1604 2367 1734 2396 Sectam
1762 2375 1798 2395 ac

963 2415 1180 2454 disciplinam,
1204 2423 1303 2452 quam
1320 2423 1358 2443 ea
1373 2413 1489 2443 mulier
1504 2410 1656 2449 amplexa
1670 2409 1723 2438 sit.

1007 2458 1188 2492 Quadraute
1202 2456 1317 2494 lavari]
1341 2456 1395 2486 Ad
1411 2456 1509 2485 instar
1523 2461 1707 2492 pauperum
1723 2451 1798 2482 Phi-

956 2503 1024 2532 loso
1030 2503 1180 2541 phorum,
1196 2500 1254 2539 qui
1267 2500 1408 2529 lavantes
1421 2502 1570 2538 quartam
1582 2495 1656 2525 assis
1669 2498 1795 2534 partem

959 2545 1140 2575 Balneatori
1165 2543 1352 2582 solvebant3
1379 2543 1463 2572 sicut
1480 2542 1509 2571 δε
1524 2547 1635 2569 omnes
1651 2537 1669 2566 ὲ
1683 2538 1796 2577 vulgo.

959 2588 1028 2619 Cic.
1046 2598 1102 2627 pro
1119 2587 1243 2618 Ccelio:
1268 2585 1342 2615 Nisi
1355 2584 1448 2623 forte
1473 2582 1579 2612 mulier
1598 2584 1706 2620 potens
1720 2589 1796 2618 qua-

959 2631 1120 2661 drantarz‘a
1135 2629 1194 2660 illei
1204 2629 1432 2668 permutatione
1434 2624 1610 2665 familiaris
1616 2624 1711 2662 facta
1727 2626 1796 2653 erat

959 2673 1155 2705 Balneatori.

1003 2718 1118 2748 Horat.
1137 2717 1192 2746 lib.
1209 2718 1239 2746 1.
1259 2716 1324 2746 Sat.
1341 2717 1370 2745 8.

1047 2760 1228 2793 Quadraute
1243 2758 1377 2788 lavatum
1394 2756 1463 2786 Rex
1478 2755 1546 2785 ibis.

999 2805 1073 2834 447.
1101 2802 1307 2842 Tibijuncta]
1331 2801 1389 2830 Per
1405 2798 1664 2830 matrimonium.

999 2847 1075 2876 448.
1100 2846 1235 2876 Dicendi
1258 2843 1370 2885 genus]
1412 2842 1447 2872 Id
1478 2848 1537 2879 est,
1560 2851 1602 2871 ne
1630 2848 1714 2870 uxor
1738 2841 1794 2869 tua

955 2889 1076 2920 doctior
1100 2890 1151 2919 sit.
1211 2888 1261 2919 Ne
1289 2886 1553 2922 Grammaticam,
1577 2882 1792 2919 Rhetoricam,

957 2933 1169 2962 Dialectieam
1195 2931 1274 2961 scire
1289 2930 1387 2959 velit:
1414 2939 1473 2959 nec
1491 2927 1623 2967 proinde
1647 2925 1792 2955 observet

957 2976 1040 3006 varia
1055 2975 1182 3005 dicendi
1199 2983 1325 3014 genera,
1348 2973 1499 3009 sublime,
1521 2970 1664 3006 humile,
1688 2967 1793 2998 medi-

955 3028 1038 3055 ocre,
1063 3028 1119 3057 pro
1135 3017 1315 3047 diversitate
1332 3025 1437 3045 rerum
1454 3023 1534 3054 quas
1550 3013 1704 3052 loquitur.

986 3062 1061 3092 -Aut
1077 3064 1193 3091 curtum
1207 3068 1340 3089 sermone
1356 3062 1471 3097 rotato,
1495 3056 1560 3095 ἐξα]
1595 3055 1646 3085 Ne
1661 3052 1789 3084 affectet

953 3110 1054 3138 artem
1071 3103 1298 3142 Dialecticam,
1321 3103 1461 3142 ejusque
1475 3099 1644 3141 piaecepta.

1942 350 1946 369 <Q
1941 270 1943 287 0
1940 198 1943 232 1..-
1939 80 1942 149 emm.
1938 0 1948 69 aas—-
