1948 3281
657 97 848 141 PERSII
886 95 1109 140 SATIRA
1141 96 1229 138 III.

76 193 273 237 Raderet:
305 198 502 248 angustae
524 189 633 232 collo
656 205 744 232 non
764 187 893 231 fallier
914 203 1052 240 orcae3

76 253 173 294 Neu
190 249 283 307 quis
307 250 497 292 callidior
517 249 679 290 buxum
701 257 892 304 torquere
912 245 1091 303 flagello.

77 309 201 351 Haud
225 307 299 350 tibi
322 309 581 364 inexpertum
604 320 754 348 curvos
778 305 1025 361 deprendere
1047 317 1183 345 mores

79 368 268 424 Quaeque
286 367 408 408 docet
432 366 595 420 sapiens
619 362 823 406 braccatis
846 362 949 404 illita
970 361 1110 403 Medis

82 425 264 466 Porticus
283 441 296 476 3
332 423 540 466 insomnis
563 422 715 479 quibus
740 422 780 463 Sc
801 421 974 461 detonsa
989 418 1191 476 juventus

81 481 292 539 Invigilat,
316 481 481 538 siliquis
504 481 544 522 Sc
566 479 708 537 grandi
732 489 847 535 pasta
869 478 1053 534 polenta.
1228 478 1281 517 55

88 540 144 582 Et
167 540 233 582 tibi
256 556 352 597 quae
375 539 538 582 Samios
561 538 722 580 diduxit
744 537 857 578 litera
879 550 1032 587 ramos,

1743 101 1825 147 297

1229 186 1286 228 50
1307 197 1369 218 non
1386 188 1486 227 decipi
1499 188 1653 225 faucibus
1673 196 1766 221 (ιη-τω
1781 204 1828 222 or-

1307 241 1350 261 coe
1362 243 1371 260 :
1396 241 1468 260 neve
1480 232 1595 270 aliquis
1605 234 1735 270 peritior
1748 245 1829 266 esset

1307 274 1518 315 circumagere
1542 274 1676 304 trocleam
1699 280 1829 308 summit-d.

1311 318 1380 348 Titi
1394 327 1468 347 vero
1493 328 1553 347 non
1577 319 1765 359 incognitum
1783 328 1831 351 est

1307 362 1480 391 discernere
1513 371 1611 391 mores
1648 368 1805 401 corruptos
1818 376 1832 399 ;

1308 406 1331 442 ᾅ-
1346 405 1404 434 scis
1422 414 1459 434 ea
1481 415 1546 444 quoe
1571 405 1657 434 docet
1681 407 1831 436 eruditum

1307 448 1517 478 ambulacrum
1557 448 1666 477 Medis
1707 450 1833 479 braccas

1308 491 1487 520 habentibus
1513 491 1720 529 insignitum;
1757 495 1779 530 ᾇ,-
1797 503 1834 522 ea

1307 535 1417 574 quibus
1428 534 1554 564 student
1564 534 1696 573 juvenes
1712 536 1834 575 vigiles,

1309 579 1389 608 rasis
1411 578 1547 617 capillis,
1572 583 1728 608 vescentes
1749 579 1834 619 legu-

747 624 890 663 minibus,
906 624 1030 663 &pulte
1043 620 1159 653 crassa.
1204 620 1250 651 El
1268 619 1358 652 litera
1382 631 1447 661 quoe
1463 621 1576 651 dividit
1591 632 1690 651 ramos
1708 622 1838 662 Samios,

86 781 238 820 Venerem,
266 782 468 822 appellatum
499 780 596 811 fuisse
610 791 616 809 ε
654 784 686 809 at
724 784 931 818 compertum

84 826 215 856 mininie
241 833 287 856 est
310 825 389 864 quid
413 831 495 854 esset
524 823 641 852 Venus.-
667 823 819 852 nonnulli
843 823 931 852 enim

84 870 165 899 hanc
179 879 256 898 cum
267 869 395 898 Senione
408 867 616 897 confundunt
631 878 639 905 3
662 875 851 905 quanquam
866 866 932 902 alii,

87 915 114 942 ἃ
132 912 258 942 fortasse
274 913 387 949 verius,
416 910 556 940 Venerem
580 919 646 939 esse
669 909 832 939 affirmant
856 909 930 938 culn

84 956 157 986 Tali
169 963 307 993 quatuor
319 955 454 984 diversos
468 963 580 984 ornnes
593 953 751 983 exhibent
767 962 932 991 numeros,

84 999 202 1036 nempe
216 1001 245 1034 1,
257 998 289 1036 3,
300 1000 332 1035 4,
344 999 375 1027 6.
410 998 546 1027 Rursum
558 1003 705 1036 pugnant
716 997 793 1033 quid
803 1003 934 1026 vocetur

85 1043 183 1072 Senio.
210 1042 425 1072 Contendunt
441 1042 528 1070 enirn
547 1041 649 1078 aliqui
667 1049 844 1070 numerum
866 1049 934 1068 esse

84 1085 337 1124 quaternarium,
351 1085 403 1113 alii
416 1086 489 1114 vero
500 1084 672 1113 senarium.
708 1084 814 1120 Porro,
829 1082 933 1122 (quod

86 1129 178 1158 etiam
196 1135 342 1157 constare
357 1125 500 1167 videtur)
521 1128 554 1156 in
576 1125 687 1156 Venere
703 1126 797 1156 Canis
820 1126 933 1164 prode-

87 1179 144 1210 rat,
166 1171 224 1200 etsi
245 1171 320 1200 alias
337 1171 530 1200 damnosus:
555 1170 638 1199 sicut
654 1171 681 1198 ὅ(
707 1170 797 1199 Senio
812 1169 935 1208 alioqui

85 1214 207 1245 mustus
220 1223 462 1252 nonnunquam
479 1213 595 1243 infelix
606 1220 681 1249 erat,
695 1214 784 1253 quod
799 1213 936 1251 probant

87 1268 131 1287 ex
148 1258 216 1288 loco
241 1258 391 1286 Suetonii
414 1258 448 1286 in
475 1259 639 1296 Augusto,
662 1266 733 1296 cap.
753 1258 804 1286 71.
853 1256 938 1285 Talis

77 1301 222 1339 jactatis,
239 1304 271 1329 ul
285 1300 410 1339 quisque
429 1300 541 1329 Canem
556 1303 610 1329 aut
626 1299 785 1329 Senionem
801 1299 936 1336 miserat,

85 1345 117 1374 in
137 1345 270 1384 singulos
293 1342 372 1372 talos
385 1343 522 1383 singulos
547 1343 688 1372 denarios
707 1343 884 1380 conferebat
905 1343 937 1371 in

85 1388 222 1423 mediam,
245 1397 319 1426 quos
336 1386 466 1416 tollebat
480 1387 642 1423 universos,
664 1386 718 1424 qui
738 1387 880 1417 Venerem
885 1385 936 1424 je-

84 1434 177 1460 cerat.
222 1430 285 1460 Sed
299 1431 327 1459 Sc
342 1436 530 1468 corruptum
541 1430 650 1459 locum
664 1430 755 1460 hunc
770 1438 937 1460 nonnemo

86 1473 252 1504 contendit
276 1484 318 1504 ex
346 1474 568 1503 vetustissimis
598 1473 867 1512 Exemplaribus;
893 1472 937 1501 le—

85 1517 310 1557 gendumque,
331 1515 373 1546 Ut
387 1517 512 1556 quisque
529 1516 643 1546 Canem
657 1516 779 1546 miserat
791 1516 939 1555 ins-ingu-

86 1562 131 1590 los
142 1559 234 1598 talos,
256 1560 395 1600 singulos
412 1560 550 1590 denarios
564 1559 740 1598 conferebat
753 1560 784 1589 ἱη
796 1559 939 1597 medium,

85 1613 158 1642 quos
173 1602 302 1632 tollebat
324 1603 478 1634 universos
502 1603 555 1642 qui
582 1602 721 1632 Venerem
739 1604 862 1642 jecerat
885 1606 941 1632 ant

86 1646 254 1676 senionem.
300 1646 396 1676 Unde
409 1647 657 1676 concluderetur
671 1646 829 1675 senionem
852 1656 937 1676 sem·

88 1700 146 1729 per
173 1690 235 1719 dici
258 1690 287 1719 &
311 1689 410 1720 fuisse
433 1691 560 1727 jactum
588 1689 730 1728 felicem,
763 1690 804 1727 &,
832 1697 869 1719 ut
896 1690 941 1719 ait

87 1733 227 1771 Persius,
242 1733 392 1762 dextrum.
437 1732 535 1765 Quod
551 1732 650 1763 etiam
665 1733 706 1762 de
730 1732 830 1770 Cane,
855 1732 941 1762 addit

88 1776 226 1814 Persius,
246 1776 382 1814 raderet,
396 1777 490 1806 aiunt
504 1776 601 1805 fuisse
615 1775 779 1814 quoddam
793 1776 870 1805 aleae
887 1785 939 1816 ge-

91 1829 166 1857 nuS‚
183 1820 218 1849 in
235 1828 301 1858 quo
320 1818 414 1849 Canis
430 1820 578 1858 quinque
602 1825 726 1858 puncta
741 1818 782 1848 de
797 1818 865 1848 aliis
881 1829 940 1849 nu-

90 1863 188 1892 meris
210 1862 407 1893 detrahebat.
436 1862 521 1891 Vide
533 1862 696 1891 Alexand.
712 1862 752 1891 ab
770 1862 869 1892 Alex.
886 1862 942 1891 lib.

91 1906 122 1935 ὃ.
153 1915 224 1944 cap.
247 1907 300 1936 21.
348 1906 429 1936 Coel.
459 1905 595 1944 Rhodig.
627 1906 679 1934 lib.
709 1906 761 1935 20.
789 1915 860 1944 cap.
889 1906 942 1935 27.

90 1948 223 1978 Adrian.
244 1948 390 1979 Turneb.
417 1948 575 1979 Adversar
610 1949 665 1977 lib.
691 1951 719 1978 5.
746 1959 814 1987 cap.
835 1949 866 1978 6.
889 1948 943 1978 lib.

91 1992 144 2022 27.
162 2002 233 2031 cap.
249 1993 280 2021 3.
301 1993 360 2022 &c.
407 1992 491 2022 ltem
507 2002 580 2030 quae
597 1991 652 2021 lib.
671 1991 873 2022 Fromondus
889 2001 944 2021 cu-

94 2035 173 2064 riose
190 2036 307 2074 pariter
322 2037 350 2065 δι
373 2033 466 2066 docte
481 2035 616 2074 scripsit,
634 2034 824 2065 Comment.
840 2035 874 2064 in
891 2035 945 2064 Se-

94 2087 182 2107 neca:
204 2080 504 2118 Apocolocyntosin
520 2078 649 2108 Claudii
667 2079 809 2117 Caesaris‚
826 2087 858 2108 n.
873 2079 946 2108 134.

139 2122 190 2150 50.
215 2121 363 2161 Angustae
377 2121 450 2150 collo
464 2122 641 2158 nonfizllier
653 2119 746 2161 orcae]
782 2121 883 2152 Aliud
897 2122 947 2151 lu-

95 2165 193 2194 sionis
208 2165 339 2203 puerilis
362 2174 484 2204 genu53
509 2174 700 2203 quanquam
715 2165 818 2204 aliqui
833 2165 874 2194 de
890 2174 946 2194 eo-

95 2207 170 2236 dem
187 2207 342 2237 Talorum
359 2207 437 2237 ludo
454 2208 648 2246 intelligant,
658 2208 697 2237 eo
709 2208 797 2246 quod
808 2209 824 2237 ὲ
837 2208 948 2238 fritillo

96 2250 170 2280 Tali
199 2251 424 2280 mittebantur.
470 2250 588 2280 Malim
612 2256 722 2280 tamen
748 2251 948 2288 interpretari

97 2293 138 2321 de
156 2294 301 2324 Nucibus
317 2303 388 2332 quae
412 2294 446 2323 in
464 2304 518 2323 vas
540 2293 705 2332 quoddam
728 2294 856 2333 angusti
873 2294 947 2324 colli

98 2337 132 2365 in
148 2342 228 2366 terra
242 2337 387 2367 defixum
406 2337 670 2375 conjiciebantur.

99 2378 196 2413 ovid.
211 2380 251 2410 de
266 2380 370 2410 Nuce.

145 2423 204 2453 Vae
215 2433 332 2462 quoque
343 2425 419 2463 saepe
432 2434 539 2454 cavam
552 2422 652 2462 spatio
666 2423 802 2453 distante
818 2423 949 2463 locatur,

183 2466 223 2495 In
239 2468 322 2505 quod
334 2468 424 2497 missa
441 2468 500 2496 levi
512 2477 575 2496 num
590 2466 676 2495 cadit
690 2476 752 2496 una
767 2477 867 2496 manu.

101 2508 209 2540 Nostri
219 2511 372 2550 temporis
387 2511 479 2549 pueri
491 2511 525 2539 in
540 2510 685 2540 scrobem
701 2519 800 2539 nuces
815 2509 950 2548 conjici-

102 2558 175 2582 unt.
221 2554 342 2584 Sensus
367 2554 461 2584 Persii
488 2560 551 2583 est:
587 2552 756 2582 studebam
783 2554 828 2582 ita
854 2563 953 2583 nuces

104 2595 234 2633 injicere
249 2597 285 2626 in
307 2607 426 2635 orcam,
452 2603 488 2626 ut
512 2606 579 2626 non
604 2596 781 2626 aberrarem
803 2596 843 2626 ab
866 2602 953 2626 arcto

104 2638 178 2667 licet
195 2639 285 2668 ostio.
330 2640 415 2670 Vide
427 2640 608 2671 Erasmum.

151 2680 252 2720 Orcae]
287 2682 355 2713 Vas
379 2685 414 2714 in
438 2683 576 2713 modum
602 2682 775 2720 turriculae,
804 2683 892 2722 quod
927 2685 956 2714 δι

107 2734 227 2763 pyrgus
242 2724 365 2757 dicitur.

107 2768 224 2798 Horat.
242 2768 296 2798 lib.
311 2770 342 2798 2.
359 2770 423 2800 Sat.
444 2773 474 2799 7.

323 2812 468 2842 Illitteret
482 2813 514 2842 in
525 2822 658 2852 pyrgum
673 2811 763 2841 talos.

153 2856 203 2884 51.
230 2853 370 2893 Buxum}
395 2856 563 2886 Trochum
580 2856 597 2884 e
614 2856 714 2884 buxo,
761 2855 891 2886 Tertius
907 2862 955 2887 est

112 2907 286 2936 puerorum
301 2898 404 2935 ludos,
428 2908 526 2937 quem
541 2899 689 2927 describit
699 2898 809 2938 Virgil.
826 2898 954 2929 AEneid.

110 2943 141 2970 7.
161 2943 190 2971 Sc
203 2947 296 2970 vocat
309 2942 435 2971 volubile
449 2942 568 2971 hamum.

157 2985 205 3013 52.
232 2984 328 3013 Haud
344 2984 400 3013 tihi
415 2985 613 3024 inexpertum,
636 2983 705 3022 ἐξα]
735 2983 788 3013 Tu
803 2986 877 3014 vero
893 2986 956 3014 im-

112 3027 211 3057 butus
227 3037 258 3056 es
276 3028 440 3067 praeceptis
455 3028 627 3059 moralibus
642 3029 669 3057 ἃ
683 3027 848 3066 sapienti-t·
864 3038 956 3068 regu-

112 3071 161 3100 lis.

155 3114 206 3144 53.
229 3112 407 3153 Brut-catis]
430 3113 488 3144 Per
503 3114 627 3145 braccas
650 3113 733 3145 certe
755 3114 958 3154 peregrinam

976 782 1099 807 vestem
1124 777 1230 816 potius
1254 777 1283 806 ἃ*
1308 776 1471 806 barbaram
1491 776 1615 806 Persius
1633 776 1758 807 videtur
1778 787 1837 808 vo-

976 822 1072 850 luisse
1092 821 1244 858 indicare,
1260 820 1357 858 quam
1377 820 1544 858 proprium
1561 820 1661 849 Persis
1675 830 1711 850 ac
1729 821 1834 852 Medis

976 864 1224 894 indumentum.
1261 863 1330 892 Nec
1348 870 1394 892 est
1408 863 1495 902 quod
1514 864 1556 892 ita
1572 870 1721 903 pugnent
1740 865 1836 894 inter-

978 913 1083 946 pretes
1101 907 1182 937 inter
1199 916 1232 936 se
1253 906 1293 935 de
1313 916 1373 935 usu
1393 908 1417 935 ἃ·
1438 906 1621 936 discrimine
1638 914 1716 947 togae
1741 907 1837 940 ωοδῆ-

977 961 1027 991 ςες
1043 951 1129 989 apud
1147 950 1273 987 Medos,
1291 951 1319 979 &
1337 947 1524 989 ἀναξυρίδῑῷε.

1021 994 1112 1023 Illita
1129 993 1231 1022 Medis
1248 992 1402 1032 porticus]
1447 993 1505 1022 llla
1531 993 1673 1023 Porticus
1696 994 1836 1025 Athenis

979 1045 1056 1075 erat,
1070 1039 1095 1067 Sc
1110 1038 1165 1071 ςοὶ
1177 1037 1342 1066 dicebatur
1359 1048 1365 1065 2
1388 1037 1473 1066 unde
1489 1037 1517 1065 &
1533 1037 1631 1066 Stoici
1643 1039 1747 1067 vocati
1760 1045 1837 1069 sunt

979 1081 1184 1120 Philosophi,
1201 1080 1259 1119 qui
1275 1080 1310 1110 in
1327 1089 1365 1109 ea
1383 1080 1553 1110 docebant.
1602 1078 1640 1109 ln
1658 1081 1836 1118 parietibus

978 1125 1063 1154 illius
1078 1124 1199 1163 depicti
1215 1128 1305 1153 erant
1318 1123 1416 1152 Persae
1435 1124 1461 1152 Sc
1480 1122 1572 1151 Medi
1588 1132 1664 1152 cum
1680 1123 1792 1154 Xerxe
1805 1127 1835 1154 dc

980 1168 1078 1197 Dario
1106 1167 1249 1207 Regibus
1276 1167 1420 1205 superati
1449 1166 1466 1195 ὲ
1494 1165 1652 1202 Miltiade,
1676 1166 1836 1206 Leonida,

979 1211 1217 1248 Themistocle,
1242 1210 1274 1239 in
1293 1210 1424 1248 Campis
1442 1209 1665 1247 Marathoniis,
1692 1210 1770 1240 item
1794 1212 1836 1241 ad

980 1253 1229 1293 Thermopylas,
1246 1255 1271 1282 Sc
1288 1253 1325 1282 ad
1339 1253 1458 1282 fretum
1473 1252 1700 1282 Salaminium.
1747 1254 1834 1284 Vide

981 1296 1156 1327 Laenium.
1184 1298 1265 1327 Plin.
1282 1296 1335 1326 lib.
1354 1297 1406 1325 35.
1423 1306 1495 1334 cap.
1512 1297 1541 1325 9.
1571 1295 1703 1326 Diodor.
1720 1298 1774 1327 lib.
1802 1298 1834 1329 6.

982 1350 1051 1379 cap.
1067 1342 1097 1371 9.
1121 1340 1278 1370 Herodot.
1296 1339 1458 1369 Plutarch.
1473 1340 1500 1368 Sc
1517 1339 1610 1368 alios.

1026 1383 1146 1422 Medis]
1182 1383 1300 1422 Populi
1328 1383 1413 1412 Asiae
1440 1382 1576 1412 fuerunt
1606 1382 1685 1412 mari
1717 1382 1835 1422 caspio

980 1425 1094 1458 affines
1110 1427 1217 1457 versus
1241 1426 1525 1465 Septentrionem,
1551 1426 1649 1455 totius
1666 1427 1834 1465 quondam

981 1470 1065 1500 Asiae
1094 1471 1235 1510 Imperio
1264 1470 1367 1509 potiti.
1414 1468 1443 1498 N
1450 1478 1512 1499 unc
1539 1478 1576 1498 ea
1603 1469 1690 1507 regio
1720 1469 1833 1501 Persia:

985 1523 1055 1553 pars
1072 1520 1129 1544 est.

1028 1558 1082 1587 54.
1107 1555 1421 1596 Detonsajuventus]
1444 1553 1579 1594 Quippe
1596 1554 1695 1585 Stoici
1708 1565 1837 1588 comam

983 1610 1050 1630 non
1075 1602 1215 1631 alebant.
1259 1599 1358 1633 Quod
1385 1599 1535 1638 expresse
1564 1602 1657 1628 notat
1681 1598 1836 1631 Juvenal.

984 1645 1050 1675 Sat.
1061 1646 1093 1674 2.
1112 1645 1167 1675 ubi
1183 1644 1301 1674 habet:

1027 1687 1133 1717 Rarus
1147 1697 1241 1717 sermo
1256 1687 1333 1725 illis,
1349 1689 1372 1725 ξς
1387 1696 1502 1728 magna
1517 1686 1611 1715 libido
1627 1687 1765 1726 tacendi,

1028 1733 1131 1769 Atque
1147 1730 1308 1769 supercilio
1325 1730 1442 1760 brevior
1457 1739 1550 1759 coma.
1756 1728 1759 1731 ’

984 1772 1094 1806 Quare
1127 1775 1370 1803 hallucinantur
1399 1774 1460 1812 qui
1485 1773 1600 1810 legunt
1625 1772 1677 1802 vel
1702 1772 1842 1813 intonsa,

985 1817 1036 1846 vel
1049 1817 1234 1851 indetonsa5
1259 1818 1286 1846 35
1302 1817 1404 1846 notari
1417 1817 1533 1846 volunt
1546 1816 1703 1845 incuriam
1719 1817 1745 1845 ὃ(
1763 1827 1840 1857 neg-

986 1860 1153 1897 ligentiam
1180 1860 1307 1889 habitus
1333 1860 1461 1889 externi
1486 1860 1519 1888 in
1547 1859 1709 1898 studiosis,
1740 1861 1841 1891 crines

989 1903 1157 1942 propterea
1174 1912 1241 1932 non
1264 1903 1492 1932 tondentibus:
1518 1911 1628 1941 neque
1642 1908 1736 1932 nocet
1753 1904 1842 1942 quod

987 1947 1134 1986 legemus
1150 1956 1230 1975 mox
1246 1946 1310 1975 Sat.
1324 1947 1354 1975 4.
1372 1946 1412 1974 de
1427 1946 1555 1974 barbato
1570 1945 1729 1984 magistro.
1754 1946 1841 1977 Nam

989 1990 1028 2018 de
1046 1991 1175 2019 Socrate
1191 1989 1235 2018 ibi
1247 1998 1355 2018 sermo
1371 1993 1440 2027 est3
1465 1989 1520 2018 hic
1542 1987 1582 2017 de
1598 1988 1731 2018 Stoicis:
1763 1990 1842 2020 alios

991 2040 1103 2062 autem
1119 2033 1187 2062 aliis
1202 2033 1279 2061 ritus
1296 2033 1325 2061 Sc
1341 2041 1446 2061 mores
1462 2032 1561 2061 fuisse
1577 2036 1710 2060 constat.

1037 2077 1085 2105 55.
1112 2076 1238 2114 Siliquz's
1261 2077 1284 2113 εξ
1304 2075 1420 2116 grandi
1440 2078 1535 2114 pasta
1554 2073 1698 2112 polentd]
1730 2075 1845 2106 Victui

992 2120 1121 2149 modico
1144 2121 1171 2149 ἃ
1199 2119 1435 2156 philosophico,
1452 2127 1507 2147 seu
1523 2117 1615 2146 facile
1640 2119 1771 2155 parabili
1795 2129 1844 2149 as-

991 2169 1094 2193 sueta.
1137 2162 1255 2200 Siliqua
1274 2162 1398 2201 proprie
1415 2166 1461 2191 est
1477 2161 1669 2200 operculum
1685 2170 1743 2191 seu
1759 2161 1844 2192 folli-

993 2207 1086 2236 culus
1110 2206 1295 2245 leguminis.
1343 2204 1440 2238 Quod
1463 2204 1549 2234 addit
1577 2204 1710 2242 persus,
1728 2206 1846 2244 grandi

986 2248 1130 2288 polentd,
1152 2250 1259 2279 virum
1290 2255 1379 2279 notat
1407 2248 1590 2283 robustum,
1617 2246 1757 2285 fortique
1782 2254 1845 2278 sto-

992 2294 1109 2322 macho
1120 2293 1297 2330 valentem,
1311 2293 1368 2331 qui
1385 2291 1529 2322 multum
1545 2290 1635 2329 panis
1651 2289 1783 2321 devoret
1796 2301 1845 2320 so-

991 2336 1174 2373 lummodo,
1199 2336 1303 2365 nullas
1318 2343 1428 2365 autem
1445 2342 1576 2363 carnes:
1603 2333 1722 2371 quibus
1747 2335 1845 2365 etiam

992 2380 1078 2409 vesci
1093 2379 1182 2409 nefas
1199 2388 1265 2409 esse
1281 2379 1452 2408 credebant
1469 2376 1680 2416 Pythagorici.

1036 2422 1185 2461 Polemi]
1210 2420 1411 2452 Pecul'iarem
1428 2420 1547 2450 Graecis
1561 2419 1660 2448 fuisse
1675 2419 1785 2450 eibum
1800 2420 1847 2450 di-

993 2471 1074 2496 cunt
1089 2466 1256 2496 nonnulli:
1282 2466 1350 2494 Alii
1375 2473 1508 2504 negant,
1532 2464 1559 2491 ἃ
1584 2464 1660 2501 poni
1679 2463 1772 2493 aiunt
1788 2474 1847 2503 pro

996 2509 1144 2548 quolibet
1167 2518 1253 2548 pane
1275 2508 1477 2542 secundario,
1503 2507 1531 2535 Sc
1549 2516 1605 2544 pro
1629 2505 1721 2544 pulte
1737 2507 1846 2537 etiam.

996 2552 1050 2582 De
1066 2551 1197 2591 polenta
1219 2551 1288 2582 fuse
1312 2551 1432 2580 Plinius
1456 2550 1507 2578 lib.
1533 2549 1582 2578 18.
1599 2558 1670 2588 cap.
1688 2551 1718 2580 7.

996 2596 1051 2626 lib.
1069 2597 1123 2625 22.
1139 2606 1208 2635 cap.
1223 2596 1276 2625 25.

1043 2639 1094 2668 56.
1117 2638 1162 2667 Et
1177 2638 1234 2668 tibi
1249 2648 1314 2676 qzzoe
1327 2637 1459 2676 Samios]
1482 2635 1668 2675 Pythagorae
1682 2637 1781 2667 etiam
1792 2637 1850 2667 do-

999 2687 1155 2711 cumenta
1171 2681 1326 2711 delibasti.

1041 2724 1177 2763 Samios]
1200 2724 1289 2758 Quia
1308 2725 1455 2752 inventor
1476 2723 1561 2752 illius
1584 2723 1629 2753 rei
1657 2723 1851 2762 Pythagoras

1001 2768 1158 2797 oriundus
1181 2773 1247 2797 erat
1270 2767 1288 2796 e
1311 2767 1422 2804 Samo,
1439 2765 1547 2796 Insula
1565 2767 1656 2796 maris
1673 2765 1779 2805 AEgei,
1807 2776 1851 2796 ex

1001 2811 1132 2840 adverso
1151 2811 1235 2840 urbis
1252 2810 1382 2848 Ephesi.

1045 2853 1170 2892 Litera]
1194 2853 1323 2892 Nempe
1340 2853 1381 2891 Y,
1404 2863 1462 2893 per
1475 2854 1567 2891 cujus
1583 2853 1735 2882 dextrum
1749 2861 1850 2882 cornu

999 2903 1174 2936 angustum
1191 2898 1315 2926 virtutis
1338 2897 1476 2927 arduum
1501 2898 1582 2934 iter3
1609 2905 1664 2934 per
1687 2895 1851 2926 sinistrum

999 2941 1107 2979 latius,
1125 2940 1278 2970 vitiorum
1295 2940 1421 2970 facilem
1437 2941 1522 2969 viam
1540 2939 1733 2978 Pythagoras
1749 2938 1852 2979 desig-

1001 2984 1107 3013 nabat.
1155 2984 1242 3013 Vide
1258 2982 1433 3013 Laertium.

1001 3026 1145 3056 Martial.
1163 3026 1360 3066 Epigramvn,
1375 3027 1414 3055 de
1431 3027 1521 3055 litera
1536 3024 1576 3054 Y.

1763 2550 1848 2580 Item

1045 3069 1166 3099 Littera
1182 3069 1369 3109 Pythagora:
1383 3068 1555 3098 dicrimine
1569 3071 1652 3097 secta
1666 3067 1781 3097 bicorni

1044 3113 1195 3144 IIzwzarzae
1212 3113 1281 3143 vitre
1296 3113 1424 3152 speciem
1433 3112 1582 3151 prcejerre
1596 3111 1728 3149 videtur,
1752 3113 1812 3142 Sec.
