<?xml version="1.0" encoding="UTF-8"?>
<!DOCTYPE html PUBLIC "-//W3C//DTD XHTML 1.0 Transitional//EN"
    "http://www.w3.org/TR/xhtml1/DTD/xhtml1-transitional.dtd">
<html xmlns="http://www.w3.org/1999/xhtml" xml:lang="en" lang="en">
 <head>
  <title>
</title>
<meta http-equiv="Content-Type" content="text/html;charset=utf-8" />
  <meta name='ocr-system' content='tesseract 3.04.00' />
  <meta name='ocr-capabilities' content='ocr_page ocr_carea ocr_par ocr_line ocrx_word'/>
</head>
<body>
  <div class='ocr_page' id='page_1' title='image "./djuniijuvenalis00juveuoft/djuniijuvenalis00juveuoft_0363.png"; bbox 0 0 1948 3281; ppageno 0'>
   <div class='ocr_carea' id='block_1_1' title="bbox 686 122 1240 168">
    <p class='ocr_par' dir='ltr' id='par_1_1' title="bbox 686 122 1240 168">
     <span class='ocr_line' id='line_1_1' title="bbox 686 122 1240 168; baseline -0.004 0"><span class='ocrx_word' id='word_1_1' title='bbox 686 124 874 168; x_wconf 89' lang='lat' dir='ltr'>PERSII</span> <span class='ocrx_word' id='word_1_2' title='bbox 905 122 1128 166; x_wconf 84' lang='lat' dir='ltr'><strong>SATIRA</strong></span> <span class='ocrx_word' id='word_1_3' title='bbox 1160 123 1240 167; x_wconf 86' lang='lat' dir='ltr'>IV.</span> 
     </span>
    </p>
   </div>
   <div class='ocr_carea' id='block_1_2' title="bbox 1757 124 1843 168">
    <p class='ocr_par' dir='ltr' id='par_1_2' title="bbox 1757 124 1843 168">
     <span class='ocr_line' id='line_1_2' title="bbox 1757 124 1843 168; baseline 0 -1"><span class='ocrx_word' id='word_1_4' title='bbox 1757 124 1843 168; x_wconf 84' lang='lat'>309</span> 
     </span>
    </p>
   </div>
   <div class='ocr_carea' id='block_1_3' title="bbox 117 213 1841 272">
    <p class='ocr_par' dir='ltr' id='par_1_3' title="bbox 117 213 1841 272">
     <span class='ocr_line' id='line_1_3' title="bbox 117 213 1841 272; baseline -0.001 -16"><span class='ocrx_word' id='word_1_5' title='bbox 117 214 314 272; x_wconf 85' lang='lat' dir='ltr'>Ingemit,</span> <span class='ocrx_word' id='word_1_6' title='bbox 337 215 417 258; x_wconf 87' lang='lat' dir='ltr'>hoc</span> <span class='ocrx_word' id='word_1_7' title='bbox 439 215 545 259; x_wconf 71' lang='lat' dir='ltr'>bene</span> <span class='ocrx_word' id='word_1_8' title='bbox 569 214 649 258; x_wconf 88' lang='lat' dir='ltr'>sit:</span> <span class='ocrx_word' id='word_1_9' title='bbox 684 216 917 258; x_wconf 83' lang='lat' dir='ltr'>tunicatum</span> <span class='ocrx_word' id='word_1_10' title='bbox 949 229 1046 256; x_wconf 89' lang='lat' dir='ltr'>cum</span> <span class='ocrx_word' id='word_1_11' title='bbox 1081 213 1160 257; x_wconf 86' lang='lat' dir='ltr'>sale</span> <span class='ocrx_word' id='word_1_12' title='bbox 1198 228 1310 256; x_wconf 89' lang='lat' dir='ltr'>mor·</span> <span class='ocrx_word' id='word_1_13' title='bbox 1323 216 1471 255; x_wconf 80' lang='lat' dir='ltr'>gemitum</span> <span class='ocrx_word' id='word_1_14' title='bbox 1498 215 1575 252; x_wconf 81' lang='lat' dir='ltr'>edit,</span> <span class='ocrx_word' id='word_1_15' title='bbox 1608 215 1728 253; x_wconf 82' lang='lat' dir='ltr'>dicens,</span> <span class='ocrx_word' id='word_1_16' title='bbox 1762 215 1841 246; x_wconf 68' lang='lat' dir='ltr'>illud</span> 
     </span>
    </p>
   </div>
   <div class='ocr_carea' id='block_1_4' title="bbox 285 273 385 315">
    <p class='ocr_par' dir='ltr' id='par_1_4' title="bbox 285 273 385 315">
     <span class='ocr_line' id='line_1_4' title="bbox 285 273 385 315; baseline 0.01 -1"><span class='ocrx_word' id='word_1_17' title='bbox 285 273 385 315; x_wconf 87' lang='lat' dir='ltr'>dens</span> 
     </span>
    </p>
   </div>
   <div class='ocr_carea' id='block_1_5' title="bbox 104 328 1209 734">
    <p class='ocr_par' dir='ltr' id='par_1_5' title="bbox 111 328 1195 431">
     <span class='ocr_line' id='line_1_5' title="bbox 112 328 1195 387; baseline 0 -16"><span class='ocrx_word' id='word_1_18' title='bbox 112 328 254 385; x_wconf 84' lang='lat' dir='ltr'>Caepe,</span> <span class='ocrx_word' id='word_1_19' title='bbox 291 330 550 382; x_wconf 82' lang='lat' dir='ltr'>&amp;farratam‚</span> <span class='ocrx_word' id='word_1_20' title='bbox 584 331 717 387; x_wconf 86' lang='lat' dir='ltr'>pueris</span> <span class='ocrx_word' id='word_1_21' title='bbox 735 330 1037 387; x_wconf 86' lang='lat' dir='ltr'>plaudentibus,</span> <span class='ocrx_word' id='word_1_22' title='bbox 1070 329 1195 372; x_wconf 88' lang='lat' dir='ltr'>ollam</span> 
     </span>
     <span class='ocr_line' id='line_1_6' title="bbox 111 387 1048 431; baseline 0.001 -3"><span class='ocrx_word' id='word_1_23' title='bbox 111 387 348 429; x_wconf 85' lang='lat' dir='ltr'>Pannosam</span> <span class='ocrx_word' id='word_1_24' title='bbox 370 390 518 431; x_wconf 82' lang='lat' dir='ltr'>faecem</span> <span class='ocrx_word' id='word_1_25' title='bbox 539 390 752 431; x_wconf 87' lang='lat' dir='ltr'>morientis</span> <span class='ocrx_word' id='word_1_26' title='bbox 775 389 907 430; x_wconf 85' lang='lat' dir='ltr'>sorbet</span> <span class='ocrx_word' id='word_1_27' title='bbox 930 388 1048 430; x_wconf 87' lang='lat' dir='ltr'>aceti.</span> 
     </span>
    </p>

    <p class='ocr_par' dir='ltr' id='par_1_6' title="bbox 109 444 1104 504">
     <span class='ocr_line' id='line_1_7' title="bbox 109 444 1104 504; baseline 0.001 -19"><span class='ocrx_word' id='word_1_28' title='bbox 109 444 168 485; x_wconf 90' lang='lat' dir='ltr'>At</span> <span class='ocrx_word' id='word_1_29' title='bbox 190 445 222 486; x_wconf 86' lang='lat' dir='ltr'>si</span> <span class='ocrx_word' id='word_1_30' title='bbox 246 456 394 488; x_wconf 85' lang='lat' dir='ltr'>unctus</span> <span class='ocrx_word' id='word_1_31' title='bbox 417 463 563 498; x_wconf 85' lang='lat' dir='ltr'>cesses,</span> <span class='ocrx_word' id='word_1_32' title='bbox 599 447 639 488; x_wconf 83' lang='lat'>&amp;</span> <span class='ocrx_word' id='word_1_33' title='bbox 659 447 757 504; x_wconf 85' lang='lat' dir='ltr'>figas</span> <span class='ocrx_word' id='word_1_34' title='bbox 780 447 819 488; x_wconf 89' lang='lat' dir='ltr'>in</span> <span class='ocrx_word' id='word_1_35' title='bbox 843 456 937 487; x_wconf 89' lang='lat' dir='ltr'>cute</span> <span class='ocrx_word' id='word_1_36' title='bbox 958 446 1104 496; x_wconf 88' lang='lat' dir='ltr'>solem,</span> 
     </span>
    </p>

    <p class='ocr_par' dir='ltr' id='par_1_7' title="bbox 104 502 1209 734">
     <span class='ocr_line' id='line_1_8' title="bbox 107 502 1190 561; baseline 0.002 -20"><span class='ocrx_word' id='word_1_37' title='bbox 107 502 183 542; x_wconf 83' lang='lat' dir='ltr'>Est</span> <span class='ocrx_word' id='word_1_38' title='bbox 208 517 329 558; x_wconf 81' lang='lat' dir='ltr'>prope</span> <span class='ocrx_word' id='word_1_39' title='bbox 350 514 387 545; x_wconf 89' lang='lat' dir='ltr'>te</span> <span class='ocrx_word' id='word_1_40' title='bbox 411 505 576 561; x_wconf 83' lang='lat' dir='ltr'>ignotus</span> <span class='ocrx_word' id='word_1_41' title='bbox 600 504 741 546; x_wconf 84' lang='lat' dir='ltr'>cubito</span> <span class='ocrx_word' id='word_1_42' title='bbox 764 505 835 560; x_wconf 90' lang='lat' dir='ltr'>qui</span> <span class='ocrx_word' id='word_1_43' title='bbox 859 512 1013 559; x_wconf 82' lang='lat' dir='ltr'>tangat,</span> <span class='ocrx_word' id='word_1_44' title='bbox 1039 504 1078 544; x_wconf 73' lang='grc' dir='ltr'>δε</span> <span class='ocrx_word' id='word_1_45' title='bbox 1100 516 1190 544; x_wconf 89' lang='lat' dir='ltr'>acre</span> 
     </span>
     <span class='ocr_line' id='line_1_9' title="bbox 106 558 1209 618; baseline 0 -18"><span class='ocrx_word' id='word_1_46' title='bbox 106 559 294 614; x_wconf 80' lang='lat' dir='ltr'>Despuat</span> <span class='ocrx_word' id='word_1_47' title='bbox 318 561 359 602; x_wconf 84' lang='lat' dir='ltr'>in</span> <span class='ocrx_word' id='word_1_48' title='bbox 384 577 516 603; x_wconf 85' lang='lat' dir='ltr'>mores</span> <span class='ocrx_word' id='word_1_49' title='bbox 535 579 546 614; x_wconf 91' lang='lat'>;</span> <span class='ocrx_word' id='word_1_50' title='bbox 581 577 809 618; x_wconf 85' lang='lat' dir='ltr'>penemque</span> <span class='ocrx_word' id='word_1_51' title='bbox 831 575 1057 616; x_wconf 84' lang='lat' dir='ltr'>arcanaque</span> <span class='ocrx_word' id='word_1_52' title='bbox 1079 558 1209 601; x_wconf 87' lang='lat' dir='ltr'>lumbi</span> 
     </span>
     <span class='ocr_line' id='line_1_10' title="bbox 107 617 1189 675; baseline 0.001 -18"><span class='ocrx_word' id='word_1_53' title='bbox 107 617 386 669; x_wconf 74' lang='lat' dir='ltr'>Runcantem‚</span> <span class='ocrx_word' id='word_1_54' title='bbox 420 621 572 675; x_wconf 83' lang='lat' dir='ltr'>populo</span> <span class='ocrx_word' id='word_1_55' title='bbox 597 630 819 662; x_wconf 84' lang='lat' dir='ltr'>marcentes</span> <span class='ocrx_word' id='word_1_56' title='bbox 842 619 1014 674; x_wconf 89' lang='lat' dir='ltr'>pandere</span> <span class='ocrx_word' id='word_1_57' title='bbox 1035 617 1189 659; x_wconf 88' lang='lat' dir='ltr'>vulvas.</span> 
     </span>
     <span class='ocr_line' id='line_1_11' title="bbox 104 673 1114 734; baseline 0.002 -20"><span class='ocrx_word' id='word_1_58' title='bbox 104 673 170 715; x_wconf 91' lang='lat' dir='ltr'>Tu</span> <span class='ocrx_word' id='word_1_59' title='bbox 190 676 288 716; x_wconf 79' lang='lat' dir='ltr'>cum</span> <span class='ocrx_word' id='word_1_60' title='bbox 314 678 486 719; x_wconf 76' lang='lat' dir='ltr'>maxillis</span> <span class='ocrx_word' id='word_1_61' title='bbox 510 678 742 719; x_wconf 83' lang='lat' dir='ltr'>balanatum</span> <span class='ocrx_word' id='word_1_62' title='bbox 765 691 940 734; x_wconf 85' lang='lat' dir='ltr'>gausape</span> <span class='ocrx_word' id='word_1_63' title='bbox 962 684 1114 731; x_wconf 86' lang='lat' dir='ltr'><strong>pectas,</strong></span> 
     </span>
    </p>
   </div>
   <div class='ocr_carea' id='block_1_6' title="bbox 104 731 556 818">
    <p class='ocr_par' dir='ltr' id='par_1_8' title="bbox 104 731 556 818">
     <span class='ocr_line' id='line_1_12' title="bbox 108 731 351 764; baseline 0.016 -4"><span class='ocrx_word' id='word_1_64' title='bbox 108 731 140 761; x_wconf 82' lang='lat' dir='ltr'>in</span> <span class='ocrx_word' id='word_1_65' title='bbox 158 743 251 763; x_wconf 78' lang='lat' dir='ltr'>mores</span> <span class='ocrx_word' id='word_1_66' title='bbox 267 738 332 764; x_wconf 69' lang='lat' dir='ltr'>tuos</span> <span class='ocrx_word' id='word_1_67' title='bbox 343 748 351 764; x_wconf 92' lang='lat'><em>:</em></span> 
     </span>
     <span class='ocr_line' id='line_1_13' title="bbox 104 779 556 818; baseline 0.007 -12"><span class='ocrx_word' id='word_1_68' title='bbox 104 784 277 817; x_wconf 80' lang='lat' dir='ltr'>gausapum</span> <span class='ocrx_word' id='word_1_69' title='bbox 293 779 404 808; x_wconf 78' lang='lat' dir='ltr'>balano</span> <span class='ocrx_word' id='word_1_70' title='bbox 420 784 556 818; x_wconf 80' lang='lat' dir='ltr'>unctum,</span> 
     </span>
    </p>
   </div>
   <div class='ocr_carea' id='block_1_7' title="bbox 413 756 965 767">
    <p class='ocr_par' dir='ltr' id='par_1_9' title="bbox 413 756 965 767">
     <span class='ocr_line' id='line_1_14' title="bbox 413 756 965 767; baseline 0.004 -3"><span class='ocrx_word' id='word_1_71' title='bbox 413 756 965 767; x_wconf 66' lang='lat'>...........</span> 
     </span>
    </p>
   </div>
   <div class='ocr_carea' id='block_1_8' title="bbox 1190 258 1836 773">
    <p class='ocr_par' dir='ltr' id='par_1_10' title="bbox 1257 258 1836 554">
     <span class='ocr_line' id='line_1_15' title="bbox 1257 258 1836 314; baseline 0 -26"><span class='ocrx_word' id='word_1_72' title='bbox 1257 272 1314 314; x_wconf 85' lang='lat'>30</span> <span class='ocrx_word' id='word_1_73' title='bbox 1321 258 1464 297; x_wconf 71' lang='lat' dir='ltr'>proficiat</span> <span class='ocrx_word' id='word_1_74' title='bbox 1476 270 1484 286; x_wconf 89' lang='lat'><em>:</em></span> <span class='ocrx_word' id='word_1_75' title='bbox 1511 261 1540 288; x_wconf 88' lang='lat'>&amp;</span> <span class='ocrx_word' id='word_1_76' title='bbox 1557 259 1621 288; x_wconf 73' lang='lat' dir='ltr'>czim</span> <span class='ocrx_word' id='word_1_77' title='bbox 1632 261 1695 288; x_wconf 83' lang='lat' dir='ltr'>sale</span> <span class='ocrx_word' id='word_1_78' title='bbox 1711 259 1836 288; x_wconf 81' lang='lat' dir='ltr'>mandu-</span> 
     </span>
     <span class='ocr_line' id='line_1_16' title="bbox 1325 300 1836 341; baseline 0 -10"><span class='ocrx_word' id='word_1_79' title='bbox 1325 310 1399 331; x_wconf 72' lang='lat' dir='ltr'>cans</span> <span class='ocrx_word' id='word_1_80' title='bbox 1419 311 1498 341; x_wconf 81' lang='lat' dir='ltr'>caepe</span> <span class='ocrx_word' id='word_1_81' title='bbox 1521 302 1632 331; x_wconf 76' lang='lat' dir='ltr'>tunicis</span> <span class='ocrx_word' id='word_1_82' title='bbox 1646 301 1707 331; x_wconf 74' lang='lat' dir='ltr'>suis</span> <span class='ocrx_word' id='word_1_83' title='bbox 1721 300 1836 332; x_wconf 71' lang='lat' dir='ltr'>involu-</span> 
     </span>
     <span class='ocr_line' id='line_1_17' title="bbox 1322 343 1835 384; baseline 0.004 -11"><span class='ocrx_word' id='word_1_84' title='bbox 1322 348 1398 383; x_wconf 83' lang='lat' dir='ltr'>tum,</span> <span class='ocrx_word' id='word_1_85' title='bbox 1422 348 1444 384; x_wconf 69' lang='grc' dir='ltr'><strong><em>ᾷ</em></strong></span> <span class='ocrx_word' id='word_1_86' title='bbox 1473 346 1595 375; x_wconf 82' lang='lat' dir='ltr'>ollulam</span> <span class='ocrx_word' id='word_1_87' title='bbox 1619 343 1633 372; x_wconf 82' lang='grc' dir='ltr'><em>ἑ</em></span> <span class='ocrx_word' id='word_1_88' title='bbox 1651 344 1746 381; x_wconf 69' lang='lat' dir='ltr'>farre</span> <span class='ocrx_word' id='word_1_89' title='bbox 1765 354 1835 375; x_wconf 76' lang='lat' dir='ltr'>evn—</span> 
     </span>
     <span class='ocr_line' id='line_1_18' title="bbox 1310 386 1836 426; baseline 0 -9"><span class='ocrx_word' id='word_1_90' title='bbox 1310 387 1440 426; x_wconf 75' lang='lat' dir='ltr'>statam,</span> <span class='ocrx_word' id='word_1_91' title='bbox 1464 386 1597 426; x_wconf 61' lang='lat' dir='ltr'>familia</span> <span class='ocrx_word' id='word_1_92' title='bbox 1633 387 1836 425; x_wconf 78' lang='lat' dir='ltr'>adstrepente,</span> 
     </span>
     <span class='ocr_line' id='line_1_19' title="bbox 1320 429 1835 467; baseline 0 -7"><span class='ocrx_word' id='word_1_93' title='bbox 1320 430 1396 461; x_wconf 72' lang='lat' dir='ltr'>bibit</span> <span class='ocrx_word' id='word_1_94' title='bbox 1409 431 1519 467; x_wconf 76' lang='lat' dir='ltr'>floccis</span> <span class='ocrx_word' id='word_1_95' title='bbox 1542 430 1701 460; x_wconf 80' lang='lat' dir='ltr'>obductam</span> <span class='ocrx_word' id='word_1_96' title='bbox 1719 429 1835 465; x_wconf 78' lang='lat' dir='ltr'>foecem</span> 
     </span>
     <span class='ocr_line' id='line_1_20' title="bbox 1318 470 1832 514; baseline -0.004 -10"><span class='ocrx_word' id='word_1_97' title='bbox 1318 475 1400 504; x_wconf 81' lang='lat' dir='ltr'>aceti</span> <span class='ocrx_word' id='word_1_98' title='bbox 1430 473 1663 514; x_wconf 75' lang='lat' dir='ltr'><em>languescentis.</em></span> <span class='ocrx_word' id='word_1_99' title='bbox 1724 470 1832 502; x_wconf 75' lang='lat' dir='ltr'>Verum</span> 
     </span>
     <span class='ocr_line' id='line_1_21' title="bbox 1317 516 1832 554; baseline -0.006 -9"><span class='ocrx_word' id='word_1_100' title='bbox 1317 518 1346 547; x_wconf 76' lang='lat' dir='ltr'>si</span> <span class='ocrx_word' id='word_1_101' title='bbox 1370 518 1442 547; x_wconf 91' lang='lat' dir='ltr'>oleo</span> <span class='ocrx_word' id='word_1_102' title='bbox 1466 516 1617 547; x_wconf 77' lang='lat' dir='ltr'>delibutus</span> <span class='ocrx_word' id='word_1_103' title='bbox 1640 516 1785 554; x_wconf 69' lang='lat' dir='ltr'>quiescas,</span> <span class='ocrx_word' id='word_1_104' title='bbox 1809 517 1832 553; x_wconf 64' lang='grc' dir='ltr'>ἐς</span> 
     </span>
    </p>

    <p class='ocr_par' dir='ltr' id='par_1_11' title="bbox 1248 556 1834 727">
     <span class='ocr_line' id='line_1_22' title="bbox 1248 556 1832 601; baseline -0.005 -12"><span class='ocrx_word' id='word_1_105' title='bbox 1248 561 1301 601; x_wconf 88' lang='grc'>35</span> <span class='ocrx_word' id='word_1_106' title='bbox 1318 562 1407 590; x_wconf 78' lang='lat' dir='ltr'>solem</span> <span class='ocrx_word' id='word_1_107' title='bbox 1435 560 1611 590; x_wconf 77' lang='lat' dir='ltr'><em>introducas</em></span> <span class='ocrx_word' id='word_1_108' title='bbox 1636 558 1668 588; x_wconf 79' lang='lat' dir='ltr'>iu</span> <span class='ocrx_word' id='word_1_109' title='bbox 1693 556 1832 597; x_wconf 84' lang='lat' dir='ltr'>pellem,-</span> 
     </span>
     <span class='ocr_line' id='line_1_23' title="bbox 1318 599 1834 643; baseline -0.004 -10"><span class='ocrx_word' id='word_1_110' title='bbox 1318 603 1419 634; x_wconf 89' lang='lat' dir='ltr'>homo</span> <span class='ocrx_word' id='word_1_111' title='bbox 1432 602 1564 643; x_wconf 82' lang='lat' dir='ltr'>quidam</span> <span class='ocrx_word' id='word_1_112' title='bbox 1577 612 1635 632; x_wconf 78' lang='lat' dir='ltr'>nrm</span> <span class='ocrx_word' id='word_1_113' title='bbox 1647 603 1736 632; x_wconf 79' lang='lat' dir='ltr'>notus</span> <span class='ocrx_word' id='word_1_114' title='bbox 1751 599 1834 631; x_wconf 72' lang='lat' dir='ltr'>haud</span> 
     </span>
     <span class='ocr_line' id='line_1_24' title="bbox 1313 643 1831 685; baseline -0.008 -9"><span class='ocrx_word' id='word_1_115' title='bbox 1313 647 1423 685; x_wconf 75' lang='lat' dir='ltr'>procul</span> <span class='ocrx_word' id='word_1_116' title='bbox 1435 647 1488 676; x_wconf 77' lang='lat' dir='ltr'>abs</span> <span class='ocrx_word' id='word_1_117' title='bbox 1501 649 1531 675; x_wconf 86' lang='lat' dir='ltr'>te</span> <span class='ocrx_word' id='word_1_118' title='bbox 1543 645 1685 682; x_wconf 77' lang='lat' dir='ltr'>occurrit,</span> <span class='ocrx_word' id='word_1_119' title='bbox 1697 643 1750 682; x_wconf 81' lang='lat' dir='ltr'>qui</span> <span class='ocrx_word' id='word_1_120' title='bbox 1759 645 1831 682; x_wconf 84' lang='lat' dir='ltr'>pul-</span> 
     </span>
     <span class='ocr_line' id='line_1_25' title="bbox 1317 685 1831 727; baseline -0.01 -7"><span class='ocrx_word' id='word_1_121' title='bbox 1317 695 1362 720; x_wconf 76' lang='lat' dir='ltr'>set</span> <span class='ocrx_word' id='word_1_122' title='bbox 1375 689 1487 727; x_wconf 79' lang='lat' dir='ltr'>cubito,</span> <span class='ocrx_word' id='word_1_123' title='bbox 1503 691 1526 727; x_wconf 61' lang='grc' dir='ltr'>ὃς</span> <span class='ocrx_word' id='word_1_124' title='bbox 1542 688 1657 718; x_wconf 78' lang='lat' dir='ltr'>acriter</span> <span class='ocrx_word' id='word_1_125' title='bbox 1671 685 1831 716; x_wconf 75' lang='lat' dir='ltr'>invehatur</span> 
     </span>
    </p>

    <p class='ocr_par' dir='ltr' id='par_1_12' title="bbox 1190 730 1834 773">
     <span class='ocr_line' id='line_1_26' title="bbox 1190 730 1834 773; baseline -0.008 -10"><span class='ocrx_word' id='word_1_126' title='bbox 1190 732 1437 773; x_wconf 76' lang='lat' dir='ltr'><strong><em>Quandoquidem</em></strong></span> <span class='ocrx_word' id='word_1_127' title='bbox 1452 736 1486 762; x_wconf 78' lang='lat' dir='ltr'>tu</span> <span class='ocrx_word' id='word_1_128' title='bbox 1501 731 1693 764; x_wconf 70' lang='lat' dir='ltr'><em>discriminas</em></span> <span class='ocrx_word' id='word_1_129' title='bbox 1710 730 1834 770; x_wconf 75' lang='lat' dir='ltr'>pectine</span> 
     </span>
    </p>
   </div>
   <div class='ocr_carea' id='block_1_9' title="bbox 906 858 1035 866">
    <p class='ocr_par' dir='ltr' id='par_1_13' title="bbox 906 858 1035 866">
     <span class='ocr_line' id='line_1_27' title="bbox 906 858 1035 866; baseline 0 0"><span class='ocrx_word' id='word_1_130' title='bbox 906 858 1035 866; x_wconf 95' lang='lat' dir='ltr'> </span> 
     </span>
    </p>
   </div>
   <div class='ocr_carea' id='block_1_10' title="bbox 107 930 958 3124">
    <p class='ocr_par' dir='ltr' id='par_1_14' title="bbox 107 930 899 1179">
     <span class='ocr_line' id='line_1_28' title="bbox 199 930 685 970; baseline 0.004 -11"><span class='ocrx_word' id='word_1_131' title='bbox 199 930 264 960; x_wconf 81' lang='lat' dir='ltr'>Vile</span> <span class='ocrx_word' id='word_1_132' title='bbox 271 931 390 970; x_wconf 79' lang='lat' dir='ltr'>potabis</span> <span class='ocrx_word' id='word_1_133' title='bbox 405 931 529 961; x_wconf 78' lang='lat' dir='ltr'>modicis</span> <span class='ocrx_word' id='word_1_134' title='bbox 543 930 685 961; x_wconf 80' lang='lat' dir='ltr'>Sabinum</span> 
     </span>
     <span class='ocr_line' id='line_1_29' title="bbox 195 972 844 1016; baseline 0.002 -14"><span class='ocrx_word' id='word_1_135' title='bbox 195 973 373 1012; x_wconf 75' lang='lat' dir='ltr'>cantharis,</span> <span class='ocrx_word' id='word_1_136' title='bbox 388 974 495 1004; x_wconf 68' lang='lat' dir='ltr'>Graeca</span> <span class='ocrx_word' id='word_1_137' title='bbox 509 975 590 1013; x_wconf 83' lang='lat' dir='ltr'>quod</span> <span class='ocrx_word' id='word_1_138' title='bbox 603 985 657 1016; x_wconf 81' lang='lat' dir='ltr'>ego</span> <span class='ocrx_word' id='word_1_139' title='bbox 673 975 736 1014; x_wconf 81' lang='lat' dir='ltr'>ipse</span> <span class='ocrx_word' id='word_1_140' title='bbox 752 972 844 1012; x_wconf 64' lang='lat' dir='ltr'>testei,</span> 
     </span>
     <span class='ocr_line' id='line_1_30' title="bbox 198 1016 442 1048; baseline 0.012 -4"><span class='ocrx_word' id='word_1_141' title='bbox 198 1016 359 1047; x_wconf 63' lang='lat' dir='ltr'>Candidum</span> <span class='ocrx_word' id='word_1_142' title='bbox 374 1017 442 1048; x_wconf 77' lang='lat' dir='ltr'>levi.</span> 
     </span>
     <span class='ocr_line' id='line_1_31' title="bbox 109 1060 899 1100; baseline -0.003 -9"><span class='ocrx_word' id='word_1_143' title='bbox 109 1060 189 1091; x_wconf 82' lang='lat' dir='ltr'>Quae</span> <span class='ocrx_word' id='word_1_144' title='bbox 207 1060 280 1090; x_wconf 73' lang='lat' dir='ltr'>cum</span> <span class='ocrx_word' id='word_1_145' title='bbox 299 1061 344 1091; x_wconf 86' lang='lat' dir='ltr'>illi</span> <span class='ocrx_word' id='word_1_146' title='bbox 356 1061 554 1100; x_wconf 86' lang='lat' dir='ltr'>aperiebant,</span> <span class='ocrx_word' id='word_1_147' title='bbox 579 1061 713 1092; x_wconf 88' lang='lat' dir='ltr'>relinere</span> <span class='ocrx_word' id='word_1_148' title='bbox 728 1060 899 1090; x_wconf 81' lang='lat' dir='ltr'>vocabant.</span> 
     </span>
     <span class='ocr_line' id='line_1_32' title="bbox 107 1101 240 1134; baseline -0.015 0"><span class='ocrx_word' id='word_1_149' title='bbox 107 1101 240 1134; x_wconf 79' lang='lat' dir='ltr'>Terent.</span> 
     </span>
     <span class='ocr_line' id='line_1_33' title="bbox 194 1146 526 1179; baseline 0.012 -5"><span class='ocrx_word' id='word_1_150' title='bbox 194 1146 297 1176; x_wconf 79' lang='lat' dir='ltr'>Serius</span> <span class='ocrx_word' id='word_1_151' title='bbox 313 1157 412 1178; x_wconf 72' lang='lat' dir='ltr'>omnes</span> <span class='ocrx_word' id='word_1_152' title='bbox 425 1148 526 1179; x_wconf 85' lang='lat' dir='ltr'>relevi.</span> 
     </span>
    </p>

    <p class='ocr_par' dir='ltr' id='par_1_15' title="bbox 108 1189 944 1314">
     <span class='ocr_line' id='line_1_34' title="bbox 152 1189 943 1231; baseline 0 -12"><span class='ocrx_word' id='word_1_153' title='bbox 152 1190 207 1219; x_wconf 80' lang='lat'>80.</span> <span class='ocrx_word' id='word_1_154' title='bbox 220 1189 369 1231; x_wconf 78' lang='lat' dir='ltr'><em>Ingemit]</em></span> <span class='ocrx_word' id='word_1_155' title='bbox 394 1192 466 1221; x_wconf 87' lang='lat' dir='ltr'>Post</span> <span class='ocrx_word' id='word_1_156' title='bbox 481 1191 674 1222; x_wconf 84' lang='lat' dir='ltr'>nonnullam</span> <span class='ocrx_word' id='word_1_157' title='bbox 688 1189 943 1228; x_wconf 82' lang='lat' dir='ltr'>cunctationem,</span> 
     </span>
     <span class='ocr_line' id='line_1_35' title="bbox 109 1232 944 1275; baseline 0.001 -14"><span class='ocrx_word' id='word_1_158' title='bbox 109 1232 211 1262; x_wconf 84' lang='lat' dir='ltr'>veluti</span> <span class='ocrx_word' id='word_1_159' title='bbox 228 1242 293 1263; x_wconf 89' lang='lat' dir='ltr'>rem</span> <span class='ocrx_word' id='word_1_160' title='bbox 308 1235 439 1264; x_wconf 88' lang='lat' dir='ltr'>arduam</span> <span class='ocrx_word' id='word_1_161' title='bbox 455 1235 646 1275; x_wconf 83' lang='lat' dir='ltr'>aggreditur,</span> <span class='ocrx_word' id='word_1_162' title='bbox 670 1243 735 1264; x_wconf 90' lang='lat' dir='ltr'>non</span> <span class='ocrx_word' id='word_1_163' title='bbox 750 1241 861 1264; x_wconf 85' lang='lat' dir='ltr'>tamen</span> <span class='ocrx_word' id='word_1_164' title='bbox 874 1234 944 1262; x_wconf 84' lang='lat' dir='ltr'>sine</span> 
     </span>
     <span class='ocr_line' id='line_1_36' title="bbox 108 1275 888 1314; baseline 0.004 -10"><span class='ocrx_word' id='word_1_165' title='bbox 108 1275 219 1314; x_wconf 82' lang='lat' dir='ltr'>aliquo</span> <span class='ocrx_word' id='word_1_166' title='bbox 234 1277 348 1307; x_wconf 75' lang='lat' dir='ltr'>sordidi</span> <span class='ocrx_word' id='word_1_167' title='bbox 361 1280 503 1308; x_wconf 84' lang='lat' dir='ltr'>moeroris</span> <span class='ocrx_word' id='word_1_168' title='bbox 516 1278 643 1308; x_wconf 82' lang='lat' dir='ltr'>indicio.</span> <span class='ocrx_word' id='word_1_169' title='bbox 883 1276 888 1281; x_wconf 84' lang='grc'><em>“</em></span> 
     </span>
    </p>

    <p class='ocr_par' dir='ltr' id='par_1_16' title="bbox 109 1317 944 1618">
     <span class='ocr_line' id='line_1_37' title="bbox 152 1317 943 1359; baseline 0.001 -12"><span class='ocrx_word' id='word_1_170' title='bbox 152 1317 225 1348; x_wconf 85' lang='lat' dir='ltr'>Hoc</span> <span class='ocrx_word' id='word_1_171' title='bbox 240 1319 311 1349; x_wconf 70' lang='lat' dir='ltr'>bem]²</span> <span class='ocrx_word' id='word_1_172' title='bbox 326 1320 381 1359; x_wconf 71' lang='lat' dir='ltr'>sit]</span> <span class='ocrx_word' id='word_1_173' title='bbox 398 1321 505 1350; x_wconf 82' lang='lat' dir='ltr'>Verba</span> <span class='ocrx_word' id='word_1_174' title='bbox 517 1321 672 1350; x_wconf 76' lang='lat' dir='ltr'>solemnia</span> <span class='ocrx_word' id='word_1_175' title='bbox 687 1320 713 1349; x_wconf 71' lang='lat'>&amp;⁷</span> <span class='ocrx_word' id='word_1_176' title='bbox 728 1319 943 1358; x_wconf 81' lang='lat' dir='ltr'>deprecatoria</span> 
     </span>
     <span class='ocr_line' id='line_1_38' title="bbox 109 1361 943 1403; baseline 0.001 -13"><span class='ocrx_word' id='word_1_177' title='bbox 109 1361 266 1400; x_wconf 82' lang='lat' dir='ltr'>Antiquis</span> <span class='ocrx_word' id='word_1_178' title='bbox 282 1363 428 1402; x_wconf 86' lang='lat' dir='ltr'>usurpari</span> <span class='ocrx_word' id='word_1_179' title='bbox 440 1365 532 1393; x_wconf 81' lang='lat' dir='ltr'>solita</span> <span class='ocrx_word' id='word_1_180' title='bbox 555 1365 587 1393; x_wconf 88' lang='lat' dir='ltr'>in</span> <span class='ocrx_word' id='word_1_181' title='bbox 604 1362 798 1403; x_wconf 82' lang='lat' dir='ltr'>gravioribus</span> <span class='ocrx_word' id='word_1_182' title='bbox 814 1371 943 1400; x_wconf 87' lang='lat' dir='ltr'>suscep-</span> 
     </span>
     <span class='ocr_line' id='line_1_39' title="bbox 111 1405 943 1443; baseline 0 -9"><span class='ocrx_word' id='word_1_183' title='bbox 111 1405 149 1434; x_wconf 86' lang='lat' dir='ltr'>tis</span> <span class='ocrx_word' id='word_1_184' title='bbox 165 1416 171 1432; x_wconf 87' lang='lat'><strong>:</strong></span> <span class='ocrx_word' id='word_1_185' title='bbox 198 1405 314 1443; x_wconf 86' lang='lat' dir='ltr'>pariter</span> <span class='ocrx_word' id='word_1_186' title='bbox 338 1408 365 1436; x_wconf 73' lang='lat' dir='ltr'>Sc</span> <span class='ocrx_word' id='word_1_187' title='bbox 394 1407 425 1436; x_wconf 88' lang='lat' dir='ltr'>iu</span> <span class='ocrx_word' id='word_1_188' title='bbox 440 1407 591 1437; x_wconf 80' lang='lat' dir='ltr'>conviviis</span> <span class='ocrx_word' id='word_1_189' title='bbox 608 1408 652 1436; x_wconf 88' lang='lat' dir='ltr'>ita</span> <span class='ocrx_word' id='word_1_190' title='bbox 667 1415 734 1435; x_wconf 89' lang='lat' dir='ltr'>sese</span> <span class='ocrx_word' id='word_1_191' title='bbox 750 1406 888 1435; x_wconf 80' lang='lat' dir='ltr'>invicem</span> <span class='ocrx_word' id='word_1_192' title='bbox 904 1405 943 1435; x_wconf 89' lang='lat' dir='ltr'>ad</span> 
     </span>
     <span class='ocr_line' id='line_1_40' title="bbox 109 1447 944 1487; baseline 0.001 -10"><span class='ocrx_word' id='word_1_193' title='bbox 109 1447 302 1478; x_wconf 87' lang='lat' dir='ltr'>hilaritatem</span> <span class='ocrx_word' id='word_1_194' title='bbox 321 1451 347 1479; x_wconf 52' lang='grc' dir='ltr'>δι’</span> <span class='ocrx_word' id='word_1_195' title='bbox 363 1449 402 1479; x_wconf 90' lang='lat' dir='ltr'>ad</span> <span class='ocrx_word' id='word_1_196' title='bbox 417 1449 597 1479; x_wconf 88' lang='lat' dir='ltr'>bibendum</span> <span class='ocrx_word' id='word_1_197' title='bbox 614 1449 810 1479; x_wconf 86' lang='lat' dir='ltr'>invitabant:</span> <span class='ocrx_word' id='word_1_198' title='bbox 844 1454 944 1487; x_wconf 88' lang='lat' dir='ltr'>atque</span> 
     </span>
     <span class='ocr_line' id='line_1_41' title="bbox 110 1489 942 1531; baseline 0.001 -12"><span class='ocrx_word' id='word_1_199' title='bbox 110 1489 172 1519; x_wconf 86' lang='lat' dir='ltr'>hoc</span> <span class='ocrx_word' id='word_1_200' title='bbox 203 1493 301 1531; x_wconf 87' lang='lat' dir='ltr'>magis</span> <span class='ocrx_word' id='word_1_201' title='bbox 331 1492 406 1523; x_wconf 81' lang='lat' dir='ltr'>facit</span> <span class='ocrx_word' id='word_1_202' title='bbox 435 1493 474 1522; x_wconf 89' lang='lat' dir='ltr'>ad</span> <span class='ocrx_word' id='word_1_203' title='bbox 505 1502 570 1522; x_wconf 88' lang='lat' dir='ltr'>rem</span> <span class='ocrx_word' id='word_1_204' title='bbox 603 1498 792 1531; x_wconf 71' lang='lat' dir='ltr'>praesentem</span> <span class='ocrx_word' id='word_1_205' title='bbox 808 1502 815 1520; x_wconf 75' lang='lat' dir='ltr'>e</span> <span class='ocrx_word' id='word_1_206' title='bbox 854 1491 942 1530; x_wconf 87' lang='lat' dir='ltr'>quod</span> 
     </span>
     <span class='ocr_line' id='line_1_42' title="bbox 110 1533 942 1576; baseline 0.001 -14"><span class='ocrx_word' id='word_1_207' title='bbox 110 1534 206 1572; x_wconf 87' lang='lat' dir='ltr'>pauci</span> <span class='ocrx_word' id='word_1_208' title='bbox 218 1536 477 1567; x_wconf 77' lang='lat' dir='ltr'>animadvertunt</span> <span class='ocrx_word' id='word_1_209' title='bbox 487 1536 691 1576; x_wconf 86' lang='lat' dir='ltr'>Interpretes,</span> <span class='ocrx_word' id='word_1_210' title='bbox 702 1535 759 1573; x_wconf 86' lang='lat' dir='ltr'>qui</span> <span class='ocrx_word' id='word_1_211' title='bbox 768 1533 831 1563; x_wconf 59' lang='lat' dir='ltr'>alic}</span> <span class='ocrx_word' id='word_1_212' title='bbox 847 1543 942 1564; x_wconf 80' lang='lat' dir='ltr'>exer-</span> 
     </span>
     <span class='ocr_line' id='line_1_43' title="bbox 114 1578 408 1618; baseline 0.017 -14"><span class='ocrx_word' id='word_1_213' title='bbox 114 1583 185 1606; x_wconf 87' lang='lat' dir='ltr'>rant</span> <span class='ocrx_word' id='word_1_214' title='bbox 200 1578 227 1607; x_wconf 87' lang='lat'>&amp;</span> <span class='ocrx_word' id='word_1_215' title='bbox 242 1586 408 1618; x_wconf 80' lang='lat' dir='ltr'>vagantur.</span> 
     </span>
    </p>

    <p class='ocr_par' dir='ltr' id='par_1_17' title="bbox 109 1618 946 1790">
     <span class='ocr_line' id='line_1_44' title="bbox 109 1618 522 1662; baseline 0.01 -14"><span class='ocrx_word' id='word_1_216' title='bbox 109 1618 232 1649; x_wconf 87' lang='lat' dir='ltr'>Tibull.</span> <span class='ocrx_word' id='word_1_217' title='bbox 256 1621 355 1651; x_wconf 80' lang='lat' dir='ltr'>lib.2.</span> <span class='ocrx_word' id='word_1_218' title='bbox 382 1622 472 1662; x_wconf 86' lang='lat' dir='ltr'>Eleg.</span> <span class='ocrx_word' id='word_1_219' title='bbox 493 1624 522 1652; x_wconf 91' lang='lat'>1.</span> 
     </span>
     <span class='ocr_line' id='line_1_45' title="bbox 195 1663 946 1704; baseline 0.004 -13"><span class='ocrx_word' id='word_1_220' title='bbox 195 1663 257 1692; x_wconf 86' lang='lat' dir='ltr'>Sed</span> <span class='ocrx_word' id='word_1_221' title='bbox 269 1664 343 1694; x_wconf 70' lang='lat' dir='ltr'>bene</span> <span class='ocrx_word' id='word_1_222' title='bbox 358 1665 541 1704; x_wconf 77' lang='lat' dir='ltr'>Messalam,</span> <span class='ocrx_word' id='word_1_223' title='bbox 563 1675 619 1695; x_wconf 77' lang='lat' dir='ltr'>sua</span> <span class='ocrx_word' id='word_1_224' title='bbox 631 1664 758 1704; x_wconf 78' lang='lat' dir='ltr'>quisque</span> <span class='ocrx_word' id='word_1_225' title='bbox 771 1664 815 1695; x_wconf 86' lang='lat' dir='ltr'>ad</span> <span class='ocrx_word' id='word_1_226' title='bbox 832 1664 946 1703; x_wconf 79' lang='lat' dir='ltr'>pocula</span> 
     </span>
     <span class='ocr_line' id='line_1_46' title="bbox 241 1707 337 1737; baseline 0.021 -2"><span class='ocrx_word' id='word_1_227' title='bbox 241 1707 337 1737; x_wconf 79' lang='lat' dir='ltr'>dicat.</span> 
     </span>
     <span class='ocr_line' id='line_1_47' title="bbox 113 1747 626 1790; baseline 0.006 -12"><span class='ocrx_word' id='word_1_228' title='bbox 113 1747 246 1779; x_wconf 84' lang='lat' dir='ltr'>Plautus</span> <span class='ocrx_word' id='word_1_229' title='bbox 261 1751 295 1781; x_wconf 88' lang='lat' dir='ltr'>in</span> <span class='ocrx_word' id='word_1_230' title='bbox 312 1751 435 1790; x_wconf 86' lang='lat' dir='ltr'>Sticho,</span> <span class='ocrx_word' id='word_1_231' title='bbox 460 1753 554 1783; x_wconf 89' lang='lat' dir='ltr'>Scen.</span> <span class='ocrx_word' id='word_1_232' title='bbox 575 1752 626 1781; x_wconf 82' lang='lat'>18.</span> 
     </span>
    </p>

    <p class='ocr_par' dir='ltr' id='par_1_18' title="bbox 110 1791 949 2003">
     <span class='ocr_line' id='line_1_48' title="bbox 152 1791 947 1833; baseline 0.001 -12"><span class='ocrx_word' id='word_1_233' title='bbox 152 1791 238 1822; x_wconf 69' lang='lat' dir='ltr'>Bene</span> <span class='ocrx_word' id='word_1_234' title='bbox 260 1804 322 1830; x_wconf 79' lang='lat' dir='ltr'>vos,</span> <span class='ocrx_word' id='word_1_235' title='bbox 346 1794 418 1823; x_wconf 65' lang='lat' dir='ltr'>bene*</span> <span class='ocrx_word' id='word_1_236' title='bbox 443 1805 509 1833; x_wconf 82' lang='lat' dir='ltr'>nos,</span> <span class='ocrx_word' id='word_1_237' title='bbox 533 1794 605 1824; x_wconf 73' lang='grc' dir='ltr'>ῐ-εηὲ</span> <span class='ocrx_word' id='word_1_238' title='bbox 631 1797 671 1831; x_wconf 82' lang='lat' dir='ltr'>te,</span> <span class='ocrx_word' id='word_1_239' title='bbox 694 1792 767 1822; x_wconf 76' lang='lat' dir='ltr'>bene</span> <span class='ocrx_word' id='word_1_240' title='bbox 793 1802 851 1831; x_wconf 87' lang='lat' dir='ltr'>me,</span> <span class='ocrx_word' id='word_1_241' title='bbox 874 1792 947 1823; x_wconf 70' lang='lat' dir='ltr'>bene</span> 
     </span>
     <span class='ocr_line' id='line_1_49' title="bbox 110 1836 949 1877; baseline 0.002 -13"><span class='ocrx_word' id='word_1_242' title='bbox 110 1839 244 1865; x_wconf 78' lang='lat' dir='ltr'>nostrum</span> <span class='ocrx_word' id='word_1_243' title='bbox 267 1838 358 1866; x_wconf 80' lang='lat' dir='ltr'>etiam</span> <span class='ocrx_word' id='word_1_244' title='bbox 384 1837 593 1877; x_wconf 83' lang='lat' dir='ltr'>Stephanium.</span> <span class='ocrx_word' id='word_1_245' title='bbox 636 1837 690 1866; x_wconf 89' lang='lat' dir='ltr'>Ad</span> <span class='ocrx_word' id='word_1_246' title='bbox 716 1845 816 1875; x_wconf 89' lang='lat' dir='ltr'>quem</span> <span class='ocrx_word' id='word_1_247' title='bbox 845 1836 949 1866; x_wconf 90' lang='lat' dir='ltr'>Plauti</span> 
     </span>
     <span class='ocr_line' id='line_1_50' title="bbox 110 1878 947 1911; baseline 0 -2"><span class='ocrx_word' id='word_1_248' title='bbox 110 1879 221 1909; x_wconf 88' lang='lat' dir='ltr'>locum</span> <span class='ocrx_word' id='word_1_249' title='bbox 247 1880 359 1910; x_wconf 90' lang='lat' dir='ltr'>doctus</span> <span class='ocrx_word' id='word_1_250' title='bbox 382 1880 561 1911; x_wconf 82' lang='lat' dir='ltr'>Lambinus</span> <span class='ocrx_word' id='word_1_251' title='bbox 587 1881 626 1910; x_wconf 88' lang='lat' dir='ltr'>de</span> <span class='ocrx_word' id='word_1_252' title='bbox 656 1880 755 1909; x_wconf 80' lang='lat' dir='ltr'>veteri</span> <span class='ocrx_word' id='word_1_253' title='bbox 786 1880 839 1909; x_wconf 86' lang='lat' dir='ltr'>illa</span> <span class='ocrx_word' id='word_1_254' title='bbox 865 1878 947 1909; x_wconf 73' lang='lat' dir='ltr'>bene</span> 
     </span>
     <span class='ocr_line' id='line_1_51' title="bbox 110 1922 947 1962; baseline -0.001 -10"><span class='ocrx_word' id='word_1_255' title='bbox 110 1922 263 1962; x_wconf 85' lang='lat' dir='ltr'>precandi</span> <span class='ocrx_word' id='word_1_256' title='bbox 289 1924 428 1954; x_wconf 86' lang='lat' dir='ltr'>invicem</span> <span class='ocrx_word' id='word_1_257' title='bbox 456 1925 490 1954; x_wconf 86' lang='lat' dir='ltr'>in</span> <span class='ocrx_word' id='word_1_258' title='bbox 518 1923 672 1954; x_wconf 85' lang='lat' dir='ltr'>conviviis</span> <span class='ocrx_word' id='word_1_259' title='bbox 700 1922 947 1961; x_wconf 87' lang='lat' dir='ltr'>consuetudine,</span> 
     </span>
     <span class='ocr_line' id='line_1_52' title="bbox 110 1965 358 2003; baseline 0.008 -8"><span class='ocrx_word' id='word_1_260' title='bbox 110 1965 231 2003; x_wconf 90' lang='lat' dir='ltr'>aliique</span> <span class='ocrx_word' id='word_1_261' title='bbox 246 1967 358 1997; x_wconf 84' lang='lat' dir='ltr'>multa.</span> 
     </span>
    </p>

    <p class='ocr_par' dir='ltr' id='par_1_19' title="bbox 113 2008 947 2220">
     <span class='ocr_line' id='line_1_53' title="bbox 159 2008 946 2049; baseline 0 -11"><span class='ocrx_word' id='word_1_262' title='bbox 159 2008 338 2039; x_wconf 83' lang='lat' dir='ltr'>Tunicatum</span> <span class='ocrx_word' id='word_1_263' title='bbox 351 2011 487 2040; x_wconf 80' lang='lat' dir='ltr'>mordens</span> <span class='ocrx_word' id='word_1_264' title='bbox 502 2010 594 2049; x_wconf 80' lang='lat' dir='ltr'>coepe]</span> <span class='ocrx_word' id='word_1_265' title='bbox 619 2008 716 2048; x_wconf 82' lang='lat' dir='ltr'>Caepe</span> <span class='ocrx_word' id='word_1_266' title='bbox 732 2008 873 2038; x_wconf 86' lang='lat' dir='ltr'>comedit</span> <span class='ocrx_word' id='word_1_267' title='bbox 887 2018 946 2038; x_wconf 90' lang='lat' dir='ltr'>nec</span> 
     </span>
     <span class='ocr_line' id='line_1_54' title="bbox 113 2052 945 2091; baseline -0.001 -10"><span class='ocrx_word' id='word_1_268' title='bbox 113 2052 229 2082; x_wconf 80' lang='lat' dir='ltr'>tunicis</span> <span class='ocrx_word' id='word_1_269' title='bbox 245 2053 377 2091; x_wconf 85' lang='lat' dir='ltr'>quidem</span> <span class='ocrx_word' id='word_1_270' title='bbox 395 2055 572 2084; x_wconf 81' lang='lat' dir='ltr'>rudioribus</span> <span class='ocrx_word' id='word_1_271' title='bbox 595 2055 623 2083; x_wconf 73' lang='lat' dir='ltr'>Sc</span> <span class='ocrx_word' id='word_1_272' title='bbox 640 2052 813 2082; x_wconf 87' lang='lat' dir='ltr'>involucris</span> <span class='ocrx_word' id='word_1_273' title='bbox 828 2061 945 2091; x_wconf 87' lang='lat' dir='ltr'>purga-</span> 
     </span>
     <span class='ocr_line' id='line_1_55' title="bbox 114 2094 946 2136; baseline -0.001 -12"><span class='ocrx_word' id='word_1_274' title='bbox 114 2100 200 2132; x_wconf 85' lang='lat' dir='ltr'>tum,</span> <span class='ocrx_word' id='word_1_275' title='bbox 227 2104 263 2124; x_wconf 91' lang='lat' dir='ltr'>ac</span> <span class='ocrx_word' id='word_1_276' title='bbox 292 2096 381 2126; x_wconf 88' lang='lat' dir='ltr'>velut</span> <span class='ocrx_word' id='word_1_277' title='bbox 404 2097 525 2136; x_wconf 87' lang='lat' dir='ltr'>aliquid</span> <span class='ocrx_word' id='word_1_278' title='bbox 550 2096 750 2135; x_wconf 76' lang='lat' dir='ltr'>exquisitum</span> <span class='ocrx_word' id='word_1_279' title='bbox 774 2095 865 2124; x_wconf 75' lang='lat' dir='ltr'>avide</span> <span class='ocrx_word' id='word_1_280' title='bbox 893 2094 946 2124; x_wconf 86' lang='lat' dir='ltr'>ad-</span> 
     </span>
     <span class='ocr_line' id='line_1_56' title="bbox 114 2137 947 2178; baseline 0.001 -12"><span class='ocrx_word' id='word_1_281' title='bbox 114 2137 250 2167; x_wconf 87' lang='lat' dir='ltr'>mordet.</span> <span class='ocrx_word' id='word_1_282' title='bbox 292 2138 460 2169; x_wconf 68' lang='lat' dir='ltr'>‚luvenalis</span> <span class='ocrx_word' id='word_1_283' title='bbox 491 2141 557 2169; x_wconf 82' lang='lat' dir='ltr'>Sat.</span> <span class='ocrx_word' id='word_1_284' title='bbox 589 2142 634 2169; x_wconf 83' lang='lat'>15.</span> <span class='ocrx_word' id='word_1_285' title='bbox 671 2137 795 2178; x_wconf 72' lang='lat' dir='ltr'>egregie</span> <span class='ocrx_word' id='word_1_286' title='bbox 825 2137 947 2167; x_wconf 85' lang='lat' dir='ltr'>deridet</span> 
     </span>
     <span class='ocr_line' id='line_1_57' title="bbox 115 2180 567 2220; baseline 0.004 -10"><span class='ocrx_word' id='word_1_287' title='bbox 115 2180 284 2220; x_wconf 66' lang='lat' dir='ltr'>Egypfios,</span> <span class='ocrx_word' id='word_1_288' title='bbox 307 2182 437 2220; x_wconf 89' lang='lat' dir='ltr'>quibus,</span> <span class='ocrx_word' id='word_1_289' title='bbox 461 2187 497 2212; x_wconf 88' lang='lat' dir='ltr'>ut</span> <span class='ocrx_word' id='word_1_290' title='bbox 512 2183 567 2218; x_wconf 83' lang='lat' dir='ltr'>ait,</span> 
     </span>
    </p>

    <p class='ocr_par' dir='ltr' id='par_1_20' title="bbox 200 2223 950 2297">
     <span class='ocr_line' id='line_1_58' title="bbox 200 2223 950 2264; baseline 0 -11"><span class='ocrx_word' id='word_1_291' title='bbox 200 2223 329 2254; x_wconf 75' lang='lat' dir='ltr'>Parrum</span> <span class='ocrx_word' id='word_1_292' title='bbox 353 2226 376 2263; x_wconf 61' lang='grc' dir='ltr'>«ξ</span> <span class='ocrx_word' id='word_1_293' title='bbox 401 2235 479 2264; x_wconf 80' lang='lat' dir='ltr'>caepe</span> <span class='ocrx_word' id='word_1_294' title='bbox 505 2224 594 2263; x_wconf 73' lang='lat' dir='ltr'>nefas</span> <span class='ocrx_word' id='word_1_295' title='bbox 616 2224 729 2254; x_wconf 82' lang='lat' dir='ltr'>violare</span> <span class='ocrx_word' id='word_1_296' title='bbox 755 2225 778 2261; x_wconf 56' lang='grc' dir='ltr'>ἐξ·</span> <span class='ocrx_word' id='word_1_297' title='bbox 793 2223 950 2264; x_wconf 78' lang='lat' dir='ltr'>frangere</span> 
     </span>
     <span class='ocr_line' id='line_1_59' title="bbox 243 2277 352 2297; baseline 0.018 -2"><span class='ocrx_word' id='word_1_298' title='bbox 243 2277 352 2297; x_wconf 75' lang='lat' dir='ltr'>morsu.</span> 
     </span>
    </p>

    <p class='ocr_par' dir='ltr' id='par_1_21' title="bbox 203 2308 949 2383">
     <span class='ocr_line' id='line_1_60' title="bbox 203 2308 949 2352; baseline 0 -13"><span class='ocrx_word' id='word_1_299' title='bbox 203 2308 231 2339; x_wconf 91' lang='grc' dir='ltr'><em>Ο</em></span> <span class='ocrx_word' id='word_1_300' title='bbox 254 2315 378 2340; x_wconf 77' lang='lat' dir='ltr'>sanctas</span> <span class='ocrx_word' id='word_1_301' title='bbox 397 2316 506 2352; x_wconf 81' lang='lat' dir='ltr'>gentes</span> <span class='ocrx_word' id='word_1_302' title='bbox 529 2311 636 2350; x_wconf 84' lang='lat' dir='ltr'>quibus</span> <span class='ocrx_word' id='word_1_303' title='bbox 660 2308 721 2339; x_wconf 78' lang='lat' dir='ltr'>haec</span> <span class='ocrx_word' id='word_1_304' title='bbox 735 2313 902 2339; x_wconf 79' lang='lat' dir='ltr'>nascuntur</span> <span class='ocrx_word' id='word_1_305' title='bbox 915 2309 949 2339; x_wconf 82' lang='lat' dir='ltr'>in</span> 
     </span>
     <span class='ocr_line' id='line_1_61' title="bbox 243 2353 339 2383; baseline 0 0"><span class='ocrx_word' id='word_1_306' title='bbox 243 2353 339 2383; x_wconf 75' lang='lat' dir='ltr'>hortis</span> 
     </span>
    </p>

    <p class='ocr_par' dir='ltr' id='par_1_22' title="bbox 199 2395 363 2427">
     <span class='ocr_line' id='line_1_62' title="bbox 199 2395 363 2427; baseline 0.012 -2"><span class='ocrx_word' id='word_1_307' title='bbox 199 2395 337 2427; x_wconf 80' lang='lat' dir='ltr'>Numina</span> <span class='ocrx_word' id='word_1_308' title='bbox 349 2397 363 2427; x_wconf 86' lang='lat'>.&#39;</span> 
     </span>
    </p>

    <p class='ocr_par' dir='ltr' id='par_1_23' title="bbox 117 2440 952 2556">
     <span class='ocr_line' id='line_1_63' title="bbox 157 2440 951 2480; baseline -0.003 -11"><span class='ocrx_word' id='word_1_309' title='bbox 157 2440 210 2471; x_wconf 76' lang='lat'>31.</span> <span class='ocrx_word' id='word_1_310' title='bbox 236 2440 400 2471; x_wconf 77' lang='lat' dir='ltr'>Farramm</span> <span class='ocrx_word' id='word_1_311' title='bbox 415 2440 523 2480; x_wconf 78' lang='lat' dir='ltr'>ollam]</span> <span class='ocrx_word' id='word_1_312' title='bbox 548 2441 676 2471; x_wconf 87' lang='lat' dir='ltr'>Pultem</span> <span class='ocrx_word' id='word_1_313' title='bbox 692 2441 710 2471; x_wconf 80' lang='grc' dir='ltr'>ὲ</span> <span class='ocrx_word' id='word_1_314' title='bbox 725 2440 805 2470; x_wconf 86' lang='lat' dir='ltr'>farre</span> <span class='ocrx_word' id='word_1_315' title='bbox 827 2442 951 2468; x_wconf 80' lang='lat' dir='ltr'>coctam</span> 
     </span>
     <span class='ocr_line' id='line_1_64' title="bbox 117 2482 952 2523; baseline 0 -11"><span class='ocrx_word' id='word_1_316' title='bbox 117 2483 152 2512; x_wconf 91' lang='lat' dir='ltr'>in</span> <span class='ocrx_word' id='word_1_317' title='bbox 168 2483 246 2513; x_wconf 87' lang='lat' dir='ltr'>olla.</span> <span class='ocrx_word' id='word_1_318' title='bbox 293 2482 425 2523; x_wconf 83' lang='lat' dir='ltr'>Legunt</span> <span class='ocrx_word' id='word_1_319' title='bbox 446 2485 511 2523; x_wconf 87' lang='lat' dir='ltr'>alii,</span> <span class='ocrx_word' id='word_1_320' title='bbox 524 2485 671 2522; x_wconf 81' lang='lat' dir='ltr'>farrata,</span> <span class='ocrx_word' id='word_1_321' title='bbox 696 2486 755 2513; x_wconf 61' lang='grc' dir='ltr'>ἃς.</span> <span class='ocrx_word' id='word_1_322' title='bbox 799 2482 952 2512; x_wconf 84' lang='lat' dir='ltr'>Juvenal.</span> 
     </span>
     <span class='ocr_line' id='line_1_65' title="bbox 118 2525 254 2556; baseline -0.007 0"><span class='ocrx_word' id='word_1_323' title='bbox 118 2525 185 2556; x_wconf 89' lang='lat' dir='ltr'>Sat.</span> <span class='ocrx_word' id='word_1_324' title='bbox 205 2528 254 2555; x_wconf 82' lang='lat'>14.</span> 
     </span>
    </p>

    <p class='ocr_par' dir='ltr' id='par_1_24' title="bbox 207 2568 763 2608">
     <span class='ocr_line' id='line_1_66' title="bbox 207 2568 763 2608; baseline 0.004 -11"><span class='ocrx_word' id='word_1_325' title='bbox 207 2568 348 2599; x_wconf 71' lang='lat' dir='ltr'>Grandes</span> <span class='ocrx_word' id='word_1_326' title='bbox 351 2569 522 2607; x_wconf 79' lang='lat' dir='ltr'>fumabant</span> <span class='ocrx_word' id='word_1_327' title='bbox 534 2569 672 2608; x_wconf 78' lang='lat' dir='ltr'>pultibus</span> <span class='ocrx_word' id='word_1_328' title='bbox 688 2570 763 2599; x_wconf 82' lang='lat' dir='ltr'>ollae.</span> 
     </span>
    </p>

    <p class='ocr_par' dir='ltr' id='par_1_25' title="bbox 120 2609 953 2772">
     <span class='ocr_line' id='line_1_67' title="bbox 162 2609 952 2651; baseline 0 -11"><span class='ocrx_word' id='word_1_329' title='bbox 162 2610 271 2641; x_wconf 79' lang='lat' dir='ltr'>Pueris</span> <span class='ocrx_word' id='word_1_330' title='bbox 279 2613 510 2651; x_wconf 81' lang='lat' dir='ltr'>plaudentibus]</span> <span class='ocrx_word' id='word_1_331' title='bbox 535 2613 622 2642; x_wconf 82' lang='lat' dir='ltr'>Filiis</span> <span class='ocrx_word' id='word_1_332' title='bbox 641 2622 678 2642; x_wconf 86' lang='lat' dir='ltr'>ac</span> <span class='ocrx_word' id='word_1_333' title='bbox 691 2612 788 2641; x_wconf 87' lang='lat' dir='ltr'>servis</span> <span class='ocrx_word' id='word_1_334' title='bbox 804 2609 952 2641; x_wconf 82' lang='lat' dir='ltr'>exultan-</span> 
     </span>
     <span class='ocr_line' id='line_1_68' title="bbox 121 2653 950 2693; baseline -0.001 -10"><span class='ocrx_word' id='word_1_335' title='bbox 121 2653 205 2684; x_wconf 82' lang='lat' dir='ltr'>tibus</span> <span class='ocrx_word' id='word_1_336' title='bbox 218 2655 257 2683; x_wconf 90' lang='lat' dir='ltr'>ad</span> <span class='ocrx_word' id='word_1_337' title='bbox 270 2656 410 2685; x_wconf 82' lang='lat' dir='ltr'>insolitas</span> <span class='ocrx_word' id='word_1_338' title='bbox 423 2657 518 2685; x_wconf 88' lang='lat' dir='ltr'>hasce</span> <span class='ocrx_word' id='word_1_339' title='bbox 530 2656 682 2692; x_wconf 84' lang='lat' dir='ltr'>lautitias,</span> <span class='ocrx_word' id='word_1_340' title='bbox 695 2656 729 2684; x_wconf 88' lang='lat' dir='ltr'>in</span> <span class='ocrx_word' id='word_1_341' title='bbox 741 2654 840 2693; x_wconf 90' lang='lat' dir='ltr'>epulo</span> <span class='ocrx_word' id='word_1_342' title='bbox 854 2655 950 2683; x_wconf 80' lang='lat' dir='ltr'>Com—</span> 
     </span>
     <span class='ocr_line' id='line_1_69' title="bbox 120 2696 953 2738; baseline 0.001 -13"><span class='ocrx_word' id='word_1_343' title='bbox 120 2696 317 2735; x_wconf 80' lang='lat' dir='ltr'>pitaliorum.</span> <span class='ocrx_word' id='word_1_344' title='bbox 360 2699 512 2738; x_wconf 87' lang='lat' dir='ltr'>Ecqualis</span> <span class='ocrx_word' id='word_1_345' title='bbox 536 2704 602 2727; x_wconf 83' lang='lat' dir='ltr'>erat</span> <span class='ocrx_word' id='word_1_346' title='bbox 624 2698 720 2737; x_wconf 87' lang='lat' dir='ltr'>igitur</span> <span class='ocrx_word' id='word_1_347' title='bbox 745 2696 953 2736; x_wconf 88' lang='lat' dir='ltr'>quotidianus</span> 
     </span>
     <span class='ocr_line' id='line_1_70' title="bbox 120 2739 601 2772; baseline 0.002 -4"><span class='ocrx_word' id='word_1_348' title='bbox 120 2739 313 2770; x_wconf 85' lang='lat' dir='ltr'>miserorum</span> <span class='ocrx_word' id='word_1_349' title='bbox 328 2740 459 2772; x_wconf 87' lang='lat' dir='ltr'>illorum</span> <span class='ocrx_word' id='word_1_350' title='bbox 476 2743 578 2771; x_wconf 84' lang='lat' dir='ltr'>victus</span> <span class='ocrx_word' id='word_1_351' title='bbox 591 2740 601 2769; x_wconf 91' lang='lat'>?</span> 
     </span>
    </p>

    <p class='ocr_par' dir='ltr' id='par_1_26' title="bbox 121 2782 955 2992">
     <span class='ocr_line' id='line_1_71' title="bbox 163 2782 951 2824; baseline 0 -13"><span class='ocrx_word' id='word_1_352' title='bbox 163 2783 214 2811; x_wconf 76' lang='lat'>32.</span> <span class='ocrx_word' id='word_1_353' title='bbox 253 2783 426 2814; x_wconf 79' lang='lat' dir='ltr'>pannosam</span> <span class='ocrx_word' id='word_1_354' title='bbox 444 2785 576 2824; x_wconf 71' lang='lat' dir='ltr'>fiee-em]</span> <span class='ocrx_word' id='word_1_355' title='bbox 617 2783 757 2814; x_wconf 71' lang='lat' dir='ltr'>Adverte</span> <span class='ocrx_word' id='word_1_356' title='bbox 772 2782 951 2820; x_wconf 85' lang='lat' dir='ltr'>emphasim</span> 
     </span>
     <span class='ocr_line' id='line_1_72' title="bbox 121 2824 952 2865; baseline 0.001 -12"><span class='ocrx_word' id='word_1_357' title='bbox 121 2824 155 2853; x_wconf 89' lang='lat' dir='ltr'>in</span> <span class='ocrx_word' id='word_1_358' title='bbox 181 2826 314 2865; x_wconf 87' lang='lat' dir='ltr'>singulis</span> <span class='ocrx_word' id='word_1_359' title='bbox 337 2828 475 2858; x_wconf 82' lang='lat' dir='ltr'>vocibus.</span> <span class='ocrx_word' id='word_1_360' title='bbox 534 2827 654 2856; x_wconf 81' lang='lat' dir='ltr'>Sensus</span> <span class='ocrx_word' id='word_1_361' title='bbox 679 2830 738 2863; x_wconf 82' lang='lat' dir='ltr'>est,</span> <span class='ocrx_word' id='word_1_362' title='bbox 770 2825 850 2855; x_wconf 84' lang='lat' dir='ltr'>bibit</span> <span class='ocrx_word' id='word_1_363' title='bbox 877 2834 952 2863; x_wconf 87' lang='lat' dir='ltr'>vap-</span> 
     </span>
     <span class='ocr_line' id='line_1_73' title="bbox 121 2867 953 2909; baseline 0 -13"><span class='ocrx_word' id='word_1_364' title='bbox 121 2876 211 2905; x_wconf 86' lang='lat' dir='ltr'>pam,</span> <span class='ocrx_word' id='word_1_365' title='bbox 235 2877 291 2897; x_wconf 90' lang='lat' dir='ltr'>seu</span> <span class='ocrx_word' id='word_1_366' title='bbox 309 2869 419 2899; x_wconf 85' lang='lat' dir='ltr'>vinum</span> <span class='ocrx_word' id='word_1_367' title='bbox 434 2870 600 2909; x_wconf 83' lang='lat' dir='ltr'>vapidum,</span> <span class='ocrx_word' id='word_1_368' title='bbox 623 2870 656 2898; x_wconf 90' lang='lat' dir='ltr'>in</span> <span class='ocrx_word' id='word_1_369' title='bbox 672 2868 748 2898; x_wconf 84' lang='lat' dir='ltr'>dolii</span> <span class='ocrx_word' id='word_1_370' title='bbox 769 2867 873 2898; x_wconf 84' lang='lat' dir='ltr'>fundo</span> <span class='ocrx_word' id='word_1_371' title='bbox 885 2869 953 2905; x_wconf 86' lang='lat' dir='ltr'>jam</span> 
     </span>
     <span class='ocr_line' id='line_1_74' title="bbox 123 2910 955 2951; baseline 0.001 -12"><span class='ocrx_word' id='word_1_372' title='bbox 123 2919 291 2940; x_wconf 82' lang='lat' dir='ltr'>mucorem</span> <span class='ocrx_word' id='word_1_373' title='bbox 307 2913 512 2951; x_wconf 84' lang='lat' dir='ltr'>contrahens,</span> <span class='ocrx_word' id='word_1_374' title='bbox 536 2923 602 2951; x_wconf 91' lang='lat' dir='ltr'>quo</span> <span class='ocrx_word' id='word_1_375' title='bbox 618 2911 720 2942; x_wconf 87' lang='lat' dir='ltr'>veluti</span> <span class='ocrx_word' id='word_1_376' title='bbox 737 2920 845 2949; x_wconf 89' lang='lat' dir='ltr'>panno</span> <span class='ocrx_word' id='word_1_377' title='bbox 861 2910 955 2940; x_wconf 80' lang='lat' dir='ltr'>faeces</span> 
     </span>
     <span class='ocr_line' id='line_1_75' title="bbox 122 2953 686 2992; baseline 0.004 -10"><span class='ocrx_word' id='word_1_378' title='bbox 122 2953 312 2991; x_wconf 85' lang='lat' dir='ltr'>operiuntur</span> <span class='ocrx_word' id='word_1_379' title='bbox 327 2963 389 2992; x_wconf 85' lang='lat' dir='ltr'>prae</span> <span class='ocrx_word' id='word_1_380' title='bbox 405 2957 505 2986; x_wconf 87' lang='lat' dir='ltr'>nimia</span> <span class='ocrx_word' id='word_1_381' title='bbox 518 2961 686 2985; x_wconf 84' lang='lat' dir='ltr'>vetustate.</span> 
     </span>
    </p>

    <p class='ocr_par' dir='ltr' id='par_1_27' title="bbox 167 2995 859 3037">
     <span class='ocr_line' id='line_1_76' title="bbox 167 2995 859 3037; baseline -0.001 -12"><span class='ocrx_word' id='word_1_382' title='bbox 167 2996 286 3034; x_wconf 80' lang='lat' dir='ltr'>Sorbet]</span> <span class='ocrx_word' id='word_1_383' title='bbox 309 2995 421 3028; x_wconf 88' lang='lat' dir='ltr'>Veluti</span> <span class='ocrx_word' id='word_1_384' title='bbox 432 3003 546 3037; x_wconf 85' lang='lat' dir='ltr'>potum</span> <span class='ocrx_word' id='word_1_385' title='bbox 562 2997 715 3037; x_wconf 79' lang='lat' dir='ltr'>exquisiti</span> <span class='ocrx_word' id='word_1_386' title='bbox 730 2996 859 3034; x_wconf 77' lang='lat' dir='ltr'>saporis.</span> 
     </span>
    </p>

    <p class='ocr_par' dir='ltr' id='par_1_28' title="bbox 125 3038 958 3124">
     <span class='ocr_line' id='line_1_77' title="bbox 166 3038 958 3080; baseline 0 -13"><span class='ocrx_word' id='word_1_387' title='bbox 166 3038 332 3068; x_wconf 79' lang='lat' dir='ltr'>Morientis</span> <span class='ocrx_word' id='word_1_388' title='bbox 346 3041 440 3080; x_wconf 70' lang='lat' dir='ltr'>aceti]</span> <span class='ocrx_word' id='word_1_389' title='bbox 463 3041 543 3070; x_wconf 82' lang='lat' dir='ltr'>Vini</span> <span class='ocrx_word' id='word_1_390' title='bbox 565 3041 751 3077; x_wconf 72' lang='lat' dir='ltr'>acescentis,</span> <span class='ocrx_word' id='word_1_391' title='bbox 771 3040 840 3076; x_wconf 82' lang='lat' dir='ltr'>jam</span> <span class='ocrx_word' id='word_1_392' title='bbox 864 3038 958 3076; x_wconf 83' lang='lat' dir='ltr'>acidi,</span> 
     </span>
     <span class='ocr_line' id='line_1_78' title="bbox 125 3081 958 3124; baseline -0.005 -10"><span class='ocrx_word' id='word_1_393' title='bbox 125 3081 175 3111; x_wconf 77' lang='lat' dir='ltr'>vel</span> <span class='ocrx_word' id='word_1_394' title='bbox 200 3082 340 3120; x_wconf 88' lang='lat' dir='ltr'>corrupti</span> <span class='ocrx_word' id='word_1_395' title='bbox 366 3085 473 3114; x_wconf 82' lang='lat' dir='ltr'>etiam.</span> <span class='ocrx_word' id='word_1_396' title='bbox 518 3085 603 3114; x_wconf 88' lang='lat' dir='ltr'>Sunt</span> <span class='ocrx_word' id='word_1_397' title='bbox 619 3084 677 3124; x_wconf 91' lang='lat' dir='ltr'>qui</span> <span class='ocrx_word' id='word_1_398' title='bbox 692 3091 805 3112; x_wconf 85' lang='lat' dir='ltr'>verum</span> <span class='ocrx_word' id='word_1_399' title='bbox 829 3088 958 3111; x_wconf 81' lang='lat' dir='ltr'>acetum</span> 
     </span>
    </p>
   </div>
   <div class='ocr_carea' id='block_1_11' title="bbox 986 925 1837 3114">
    <p class='ocr_par' dir='ltr' id='par_1_29' title="bbox 986 925 1822 1056">
     <span class='ocr_line' id='line_1_79' title="bbox 986 925 1819 970; baseline -0.01 -9"><span class='ocrx_word' id='word_1_400' title='bbox 986 929 1004 960; x_wconf 73' lang='grc' dir='ltr'>ὲ</span> <span class='ocrx_word' id='word_1_401' title='bbox 1031 930 1126 970; x_wconf 87' lang='lat' dir='ltr'>plebe</span> <span class='ocrx_word' id='word_1_402' title='bbox 1150 935 1242 960; x_wconf 85' lang='lat' dir='ltr'>aceto</span> <span class='ocrx_word' id='word_1_403' title='bbox 1269 935 1468 968; x_wconf 79' lang='lat' dir='ltr'>potarentur.</span> <span class='ocrx_word' id='word_1_404' title='bbox 1515 927 1564 957; x_wconf 90' lang='lat' dir='ltr'>Ita</span> <span class='ocrx_word' id='word_1_405' title='bbox 1588 925 1819 957; x_wconf 82' lang='lat' dir='ltr'>casaubonus:</span> 
     </span>
     <span class='ocr_line' id='line_1_80' title="bbox 986 967 1822 1013; baseline -0.008 -10"><span class='ocrx_word' id='word_1_406' title='bbox 986 973 1154 1012; x_wconf 84' lang='lat' dir='ltr'>additque,</span> <span class='ocrx_word' id='word_1_407' title='bbox 1167 982 1243 1013; x_wconf 86' lang='lat' dir='ltr'>ergo</span> <span class='ocrx_word' id='word_1_408' title='bbox 1258 973 1373 1002; x_wconf 89' lang='lat' dir='ltr'>canina</span> <span class='ocrx_word' id='word_1_409' title='bbox 1386 971 1482 1009; x_wconf 82' lang='lat' dir='ltr'>fuisse</span> <span class='ocrx_word' id='word_1_410' title='bbox 1496 970 1580 1000; x_wconf 86' lang='lat' dir='ltr'>illius</span> <span class='ocrx_word' id='word_1_411' title='bbox 1595 970 1678 999; x_wconf 83' lang='lat' dir='ltr'>avari</span> <span class='ocrx_word' id='word_1_412' title='bbox 1693 967 1822 1007; x_wconf 84' lang='lat' dir='ltr'>prandia</span> 
     </span>
     <span class='ocr_line' id='line_1_81' title="bbox 987 1011 1715 1056; baseline -0.008 -10"><span class='ocrx_word' id='word_1_413' title='bbox 987 1016 1100 1047; x_wconf 89' lang='lat' dir='ltr'>diebus</span> <span class='ocrx_word' id='word_1_414' title='bbox 1117 1016 1260 1056; x_wconf 82' lang='lat' dir='ltr'>profestis</span> <span class='ocrx_word' id='word_1_415' title='bbox 1275 1026 1284 1054; x_wconf 69' lang='grc' dir='ltr'><strong>ς</strong></span> <span class='ocrx_word' id='word_1_416' title='bbox 1308 1015 1326 1045; x_wconf 78' lang='lat' dir='ltr'>e</span> <span class='ocrx_word' id='word_1_417' title='bbox 1344 1023 1426 1054; x_wconf 88' lang='lat' dir='ltr'>pane</span> <span class='ocrx_word' id='word_1_418' title='bbox 1441 1013 1561 1044; x_wconf 84' lang='lat' dir='ltr'>scilicet</span> <span class='ocrx_word' id='word_1_419' title='bbox 1577 1015 1605 1042; x_wconf 72' lang='grc' dir='ltr'>ὄι</span> <span class='ocrx_word' id='word_1_420' title='bbox 1620 1011 1715 1051; x_wconf 64' lang='lat' dir='ltr'>aqua¹</span> 
     </span>
    </p>

    <p class='ocr_par' dir='ltr' id='par_1_30' title="bbox 987 1053 1827 1607">
     <span class='ocr_line' id='line_1_82' title="bbox 1031 1053 1821 1096; baseline -0.009 -7"><span class='ocrx_word' id='word_1_421' title='bbox 1031 1061 1083 1090; x_wconf 78' lang='lat'>38.</span> <span class='ocrx_word' id='word_1_422' title='bbox 1108 1060 1152 1090; x_wconf 82' lang='lat' dir='ltr'>At</span> <span class='ocrx_word' id='word_1_423' title='bbox 1164 1060 1192 1089; x_wconf 78' lang='lat' dir='ltr'>si</span> <span class='ocrx_word' id='word_1_424' title='bbox 1203 1063 1313 1088; x_wconf 72' lang='lat' dir='ltr'>unctus</span> <span class='ocrx_word' id='word_1_425' title='bbox 1327 1057 1435 1096; x_wconf 71' lang='lat' dir='ltr'>cesses]</span> <span class='ocrx_word' id='word_1_426' title='bbox 1459 1056 1684 1087; x_wconf 82' lang='lat' dir='ltr'>Recriminatio</span> <span class='ocrx_word' id='word_1_427' title='bbox 1701 1059 1747 1084; x_wconf 90' lang='lat' dir='ltr'>est</span> <span class='ocrx_word' id='word_1_428' title='bbox 1763 1053 1821 1083; x_wconf 87' lang='lat' dir='ltr'>ad-</span> 
     </span>
     <span class='ocr_line' id='line_1_83' title="bbox 990 1099 1821 1142; baseline -0.008 -9"><span class='ocrx_word' id='word_1_429' title='bbox 990 1103 1095 1133; x_wconf 78' lang='lat' dir='ltr'>versus</span> <span class='ocrx_word' id='word_1_430' title='bbox 1111 1103 1248 1142; x_wconf 83' lang='lat' dir='ltr'>priorem</span> <span class='ocrx_word' id='word_1_431' title='bbox 1272 1102 1365 1132; x_wconf 89' lang='lat' dir='ltr'>illum</span> <span class='ocrx_word' id='word_1_432' title='bbox 1390 1101 1568 1131; x_wconf 88' lang='lat' dir='ltr'>alienorum</span> <span class='ocrx_word' id='word_1_433' title='bbox 1586 1099 1736 1128; x_wconf 82' lang='lat' dir='ltr'>vitiorum</span> <span class='ocrx_word' id='word_1_434' title='bbox 1753 1105 1821 1127; x_wconf 82' lang='lat' dir='ltr'>cas·</span> 
     </span>
     <span class='ocr_line' id='line_1_84' title="bbox 989 1138 1824 1185; baseline -0.008 -9"><span class='ocrx_word' id='word_1_435' title='bbox 989 1146 1170 1185; x_wconf 80' lang='lat' dir='ltr'>tigatorem.</span> <span class='ocrx_word' id='word_1_436' title='bbox 1217 1146 1287 1185; x_wconf 88' lang='lat' dir='ltr'>Age</span> <span class='ocrx_word' id='word_1_437' title='bbox 1308 1145 1383 1175; x_wconf 75' lang='lat' dir='ltr'>vero</span> <span class='ocrx_word' id='word_1_438' title='bbox 1403 1143 1443 1174; x_wconf 79' lang='lat' dir='ltr'>sit</span> <span class='ocrx_word' id='word_1_439' title='bbox 1459 1138 1628 1173; x_wconf 74' lang='lat' dir='ltr'>Ventidius</span> <span class='ocrx_word' id='word_1_440' title='bbox 1644 1150 1767 1178; x_wconf 80' lang='lat' dir='ltr'>avarus,</span> <span class='ocrx_word' id='word_1_441' title='bbox 1791 1144 1824 1170; x_wconf 71' lang='lat' dir='ltr'>at</span> 
     </span>
     <span class='ocr_line' id='line_1_85' title="bbox 988 1184 1825 1228; baseline -0.008 -9"><span class='ocrx_word' id='word_1_442' title='bbox 988 1189 1164 1219; x_wconf 81' lang='lat' dir='ltr'>laboriosus</span> <span class='ocrx_word' id='word_1_443' title='bbox 1188 1195 1256 1218; x_wconf 86' lang='lat' dir='ltr'>est:</span> <span class='ocrx_word' id='word_1_444' title='bbox 1283 1188 1429 1228; x_wconf 83' lang='lat' dir='ltr'>(inquiet</span> <span class='ocrx_word' id='word_1_445' title='bbox 1451 1186 1530 1217; x_wconf 86' lang='lat' dir='ltr'>alter</span> <span class='ocrx_word' id='word_1_446' title='bbox 1556 1185 1624 1223; x_wconf 71' lang='lat' dir='ltr'>tibi,</span> <span class='ocrx_word' id='word_1_447' title='bbox 1646 1185 1695 1214; x_wconf 84' lang='lat' dir='ltr'>tui</span> <span class='ocrx_word' id='word_1_448' title='bbox 1715 1184 1825 1214; x_wconf 88' lang='lat' dir='ltr'>similis</span> 
     </span>
     <span class='ocr_line' id='line_1_86' title="bbox 987 1227 1824 1271; baseline -0.006 -11"><span class='ocrx_word' id='word_1_449' title='bbox 987 1231 1021 1261; x_wconf 88' lang='lat' dir='ltr'>in</span> <span class='ocrx_word' id='word_1_450' title='bbox 1045 1232 1212 1271; x_wconf 82' lang='lat' dir='ltr'>carpendis</span> <span class='ocrx_word' id='word_1_451' title='bbox 1234 1231 1301 1261; x_wconf 88' lang='lat' dir='ltr'>aliis</span> <span class='ocrx_word' id='word_1_452' title='bbox 1321 1229 1408 1267; x_wconf 82' lang='lat' dir='ltr'>acer)</span> <span class='ocrx_word' id='word_1_453' title='bbox 1433 1236 1469 1260; x_wconf 91' lang='lat' dir='ltr'>tu</span> <span class='ocrx_word' id='word_1_454' title='bbox 1492 1229 1566 1260; x_wconf 75' lang='lat' dir='ltr'>vero</span> <span class='ocrx_word' id='word_1_455' title='bbox 1591 1230 1618 1257; x_wconf 67' lang='grc' dir='ltr'>ἀ</span> <span class='ocrx_word' id='word_1_456' title='bbox 1643 1227 1824 1257; x_wconf 85' lang='lat' dir='ltr'>effoemina·</span> 
     </span>
     <span class='ocr_line' id='line_1_87' title="bbox 988 1270 1823 1313; baseline -0.006 -9"><span class='ocrx_word' id='word_1_457' title='bbox 988 1279 1039 1304; x_wconf 86' lang='lat' dir='ltr'>tus</span> <span class='ocrx_word' id='word_1_458' title='bbox 1066 1276 1095 1306; x_wconf 84' lang='lat'>&amp;</span> <span class='ocrx_word' id='word_1_459' title='bbox 1120 1275 1219 1313; x_wconf 85' lang='lat' dir='ltr'>deses,</span> <span class='ocrx_word' id='word_1_460' title='bbox 1253 1274 1282 1304; x_wconf 70' lang='grc' dir='ltr'>δε</span> <span class='ocrx_word' id='word_1_461' title='bbox 1320 1273 1517 1304; x_wconf 83' lang='lat' dir='ltr'>luxuriosus.</span> <span class='ocrx_word' id='word_1_462' title='bbox 1567 1270 1651 1311; x_wconf 88' lang='lat' dir='ltr'>Ergo</span> <span class='ocrx_word' id='word_1_463' title='bbox 1676 1271 1734 1310; x_wconf 89' lang='lat' dir='ltr'>qui</span> <span class='ocrx_word' id='word_1_464' title='bbox 1756 1277 1823 1300; x_wconf 83' lang='lat' dir='ltr'>tam</span> 
     </span>
     <span class='ocr_line' id='line_1_88' title="bbox 987 1313 1822 1355; baseline -0.007 -7"><span class='ocrx_word' id='word_1_465' title='bbox 987 1317 1101 1348; x_wconf 78' lang='lat' dir='ltr'>diserte</span> <span class='ocrx_word' id='word_1_466' title='bbox 1129 1318 1249 1348; x_wconf 86' lang='lat' dir='ltr'>alienas</span> <span class='ocrx_word' id='word_1_467' title='bbox 1276 1326 1376 1347; x_wconf 85' lang='lat' dir='ltr'>noxas</span> <span class='ocrx_word' id='word_1_468' title='bbox 1401 1315 1555 1355; x_wconf 84' lang='lat' dir='ltr'>carpsisti‚</span> <span class='ocrx_word' id='word_1_469' title='bbox 1583 1323 1660 1344; x_wconf 84' lang='lat' dir='ltr'>cave</span> <span class='ocrx_word' id='word_1_470' title='bbox 1675 1323 1717 1343; x_wconf 90' lang='lat' dir='ltr'>ne</span> <span class='ocrx_word' id='word_1_471' title='bbox 1731 1313 1822 1342; x_wconf 81' lang='lat' dir='ltr'>vicis-</span> 
     </span>
     <span class='ocr_line' id='line_1_89' title="bbox 987 1356 1823 1401; baseline -0.007 -10"><span class='ocrx_word' id='word_1_472' title='bbox 987 1361 1047 1391; x_wconf 89' lang='lat' dir='ltr'>sim</span> <span class='ocrx_word' id='word_1_473' title='bbox 1074 1361 1209 1401; x_wconf 87' lang='lat' dir='ltr'>graviter</span> <span class='ocrx_word' id='word_1_474' title='bbox 1236 1361 1381 1399; x_wconf 81' lang='lat' dir='ltr'>vapules,</span> <span class='ocrx_word' id='word_1_475' title='bbox 1409 1369 1445 1389; x_wconf 90' lang='lat' dir='ltr'>ac</span> <span class='ocrx_word' id='word_1_476' title='bbox 1476 1357 1572 1397; x_wconf 78' lang='lat' dir='ltr'>longe</span> <span class='ocrx_word' id='word_1_477' title='bbox 1601 1358 1655 1386; x_wconf 91' lang='lat' dir='ltr'>illo</span> <span class='ocrx_word' id='word_1_478' title='bbox 1685 1356 1823 1395; x_wconf 79' lang='lat' dir='ltr'>nequior</span> 
     </span>
     <span class='ocr_line' id='line_1_90' title="bbox 988 1400 1826 1434; baseline -0.005 -2"><span class='ocrx_word' id='word_1_479' title='bbox 988 1404 1054 1434; x_wconf 72' lang='lat' dir='ltr'>imo</span> <span class='ocrx_word' id='word_1_480' title='bbox 1071 1404 1229 1434; x_wconf 89' lang='lat' dir='ltr'>nefandus</span> <span class='ocrx_word' id='word_1_481' title='bbox 1253 1403 1427 1433; x_wconf 83' lang='lat' dir='ltr'>ostendare.</span> <span class='ocrx_word' id='word_1_482' title='bbox 1475 1401 1650 1431; x_wconf 75' lang='lat' dir='ltr'>Enimvero</span> <span class='ocrx_word' id='word_1_483' title='bbox 1663 1400 1687 1430; x_wconf 87' lang='lat' dir='ltr'>si</span> <span class='ocrx_word' id='word_1_484' title='bbox 1701 1400 1826 1429; x_wconf 79' lang='lat' dir='ltr'>cuticu-</span> 
     </span>
     <span class='ocr_line' id='line_1_91' title="bbox 987 1442 1827 1485; baseline -0.007 -8"><span class='ocrx_word' id='word_1_485' title='bbox 987 1447 1052 1477; x_wconf 87' lang='lat' dir='ltr'>lam</span> <span class='ocrx_word' id='word_1_486' title='bbox 1080 1448 1180 1477; x_wconf 78' lang='lat' dir='ltr'>otiose</span> <span class='ocrx_word' id='word_1_487' title='bbox 1206 1455 1332 1484; x_wconf 78' lang='lat' dir='ltr'>curans,</span> <span class='ocrx_word' id='word_1_488' title='bbox 1356 1446 1535 1485; x_wconf 81' lang='lat' dir='ltr'>unguentis</span> <span class='ocrx_word' id='word_1_489' title='bbox 1563 1443 1659 1473; x_wconf 86' lang='lat' dir='ltr'>etiam</span> <span class='ocrx_word' id='word_1_490' title='bbox 1682 1442 1827 1482; x_wconf 80' lang='lat' dir='ltr'>pretiosis</span> 
     </span>
     <span class='ocr_line' id='line_1_92' title="bbox 990 1485 1826 1529; baseline -0.007 -9"><span class='ocrx_word' id='word_1_491' title='bbox 990 1494 1021 1519; x_wconf 80' lang='lat' dir='ltr'>te</span> <span class='ocrx_word' id='word_1_492' title='bbox 1037 1490 1247 1529; x_wconf 87' lang='lat' dir='ltr'>perfundens,</span> <span class='ocrx_word' id='word_1_493' title='bbox 1269 1490 1402 1529; x_wconf 78' lang='lat' dir='ltr'>ignavia:</span> <span class='ocrx_word' id='word_1_494' title='bbox 1430 1488 1583 1527; x_wconf 72' lang='lat' dir='ltr'>primum,</span> <span class='ocrx_word' id='word_1_495' title='bbox 1605 1486 1721 1516; x_wconf 81' lang='lat' dir='ltr'>deinde</span> <span class='ocrx_word' id='word_1_496' title='bbox 1737 1485 1826 1525; x_wconf 68' lang='lat' dir='ltr'>flagi⁴</span> 
     </span>
     <span class='ocr_line' id='line_1_93' title="bbox 988 1527 1825 1571; baseline -0.004 -9"><span class='ocrx_word' id='word_1_497' title='bbox 988 1532 1039 1563; x_wconf 77' lang='lat' dir='ltr'>tiis</span> <span class='ocrx_word' id='word_1_498' title='bbox 1054 1543 1090 1564; x_wconf 87' lang='lat' dir='ltr'>ac</span> <span class='ocrx_word' id='word_1_499' title='bbox 1107 1533 1254 1564; x_wconf 79' lang='lat' dir='ltr'>nefandae</span> <span class='ocrx_word' id='word_1_500' title='bbox 1276 1533 1401 1562; x_wconf 87' lang='lat' dir='ltr'>libidini</span> <span class='ocrx_word' id='word_1_501' title='bbox 1415 1540 1547 1571; x_wconf 88' lang='lat' dir='ltr'>operam</span> <span class='ocrx_word' id='word_1_502' title='bbox 1563 1531 1629 1568; x_wconf 89' lang='lat' dir='ltr'>das,</span> <span class='ocrx_word' id='word_1_503' title='bbox 1642 1529 1721 1568; x_wconf 77' lang='lat' dir='ltr'>quid</span> <span class='ocrx_word' id='word_1_504' title='bbox 1737 1527 1777 1558; x_wconf 87' lang='lat' dir='ltr'>de</span> <span class='ocrx_word' id='word_1_505' title='bbox 1793 1535 1825 1559; x_wconf 86' lang='lat' dir='ltr'>te</span> 
     </span>
     <span class='ocr_line' id='line_1_94' title="bbox 987 1575 1135 1607; baseline 0.014 -2"><span class='ocrx_word' id='word_1_506' title='bbox 987 1575 1111 1607; x_wconf 81' lang='lat' dir='ltr'>dicetur</span> <span class='ocrx_word' id='word_1_507' title='bbox 1123 1576 1135 1606; x_wconf 89' lang='lat'><strong>?</strong></span> 
     </span>
    </p>

    <p class='ocr_par' dir='ltr' id='par_1_31' title="bbox 987 1614 1828 1917">
     <span class='ocr_line' id='line_1_95' title="bbox 1030 1614 1828 1661; baseline -0.008 -11"><span class='ocrx_word' id='word_1_508' title='bbox 1030 1619 1132 1661; x_wconf 73' lang='lat' dir='ltr'>Figas</span> <span class='ocrx_word' id='word_1_509' title='bbox 1156 1620 1187 1649; x_wconf 86' lang='lat' dir='ltr'>in</span> <span class='ocrx_word' id='word_1_510' title='bbox 1209 1623 1279 1649; x_wconf 83' lang='lat' dir='ltr'>cute</span> <span class='ocrx_word' id='word_1_511' title='bbox 1303 1617 1410 1657; x_wconf 76' lang='lat' dir='ltr'>solem]</span> <span class='ocrx_word' id='word_1_512' title='bbox 1437 1617 1535 1648; x_wconf 74' lang='lat' dir='ltr'>Paulo</span> <span class='ocrx_word' id='word_1_513' title='bbox 1557 1615 1631 1647; x_wconf 77' lang='lat' dir='ltr'>ante</span> <span class='ocrx_word' id='word_1_514' title='bbox 1654 1614 1694 1645; x_wconf 87' lang='lat' dir='ltr'>de</span> <span class='ocrx_word' id='word_1_515' title='bbox 1710 1614 1828 1646; x_wconf 79' lang='lat' dir='ltr'>insola·</span> 
     </span>
     <span class='ocr_line' id='line_1_96' title="bbox 987 1658 1825 1693; baseline -0.006 -1"><span class='ocrx_word' id='word_1_516' title='bbox 987 1662 1077 1692; x_wconf 76' lang='lat' dir='ltr'>tione</span> <span class='ocrx_word' id='word_1_517' title='bbox 1101 1663 1262 1693; x_wconf 83' lang='lat' dir='ltr'>veteribus</span> <span class='ocrx_word' id='word_1_518' title='bbox 1287 1662 1410 1692; x_wconf 62' lang='lat' dir='ltr'>assueta</span> <span class='ocrx_word' id='word_1_519' title='bbox 1436 1661 1580 1691; x_wconf 88' lang='lat' dir='ltr'>dictum:</span> <span class='ocrx_word' id='word_1_520' title='bbox 1609 1661 1636 1689; x_wconf 70' lang='grc' dir='ltr'>δε</span> <span class='ocrx_word' id='word_1_521' title='bbox 1663 1658 1825 1689; x_wconf 79' lang='lat' dir='ltr'>Casaubo-</span> 
     </span>
     <span class='ocr_line' id='line_1_97' title="bbox 989 1700 1826 1742; baseline -0.007 -6"><span class='ocrx_word' id='word_1_522' title='bbox 989 1715 1051 1735; x_wconf 83' lang='lat' dir='ltr'>nus</span> <span class='ocrx_word' id='word_1_523' title='bbox 1071 1706 1125 1736; x_wconf 78' lang='lat' dir='ltr'>hic</span> <span class='ocrx_word' id='word_1_524' title='bbox 1154 1706 1194 1735; x_wconf 91' lang='lat' dir='ltr'>de</span> <span class='ocrx_word' id='word_1_525' title='bbox 1221 1706 1275 1735; x_wconf 88' lang='lat' dir='ltr'>illa</span> <span class='ocrx_word' id='word_1_526' title='bbox 1292 1705 1434 1735; x_wconf 75' lang='lat' dir='ltr'>Persium</span> <span class='ocrx_word' id='word_1_527' title='bbox 1459 1714 1525 1734; x_wconf 88' lang='lat' dir='ltr'>non</span> <span class='ocrx_word' id='word_1_528' title='bbox 1547 1704 1637 1742; x_wconf 91' lang='lat' dir='ltr'>loqui</span> <span class='ocrx_word' id='word_1_529' title='bbox 1660 1702 1744 1739; x_wconf 77' lang='lat' dir='ltr'>vult,</span> <span class='ocrx_word' id='word_1_530' title='bbox 1771 1700 1826 1731; x_wconf 90' lang='lat' dir='ltr'>sed</span> 
     </span>
     <span class='ocr_line' id='line_1_98' title="bbox 989 1745 1827 1779; baseline -0.002 -2"><span class='ocrx_word' id='word_1_531' title='bbox 989 1748 1029 1778; x_wconf 89' lang='lat' dir='ltr'>de</span> <span class='ocrx_word' id='word_1_532' title='bbox 1055 1754 1140 1779; x_wconf 84' lang='lat' dir='ltr'>certa</span> <span class='ocrx_word' id='word_1_533' title='bbox 1164 1749 1352 1779; x_wconf 79' lang='lat' dir='ltr'>lascivorum</span> <span class='ocrx_word' id='word_1_534' title='bbox 1374 1748 1550 1778; x_wconf 84' lang='lat' dir='ltr'>hominum</span> <span class='ocrx_word' id='word_1_535' title='bbox 1580 1745 1827 1776; x_wconf 85' lang='lat' dir='ltr'>consuetudine.</span> 
     </span>
     <span class='ocr_line' id='line_1_99' title="bbox 990 1788 1828 1830; baseline -0.004 -10"><span class='ocrx_word' id='word_1_536' title='bbox 990 1791 1079 1822; x_wconf 89' lang='lat' dir='ltr'>Huic</span> <span class='ocrx_word' id='word_1_537' title='bbox 1107 1793 1183 1823; x_wconf 76' lang='lat' dir='ltr'>sane</span> <span class='ocrx_word' id='word_1_538' title='bbox 1213 1791 1322 1821; x_wconf 82' lang='lat' dir='ltr'>favent</span> <span class='ocrx_word' id='word_1_539' title='bbox 1354 1800 1426 1830; x_wconf 79' lang='lat' dir='ltr'>quae</span> <span class='ocrx_word' id='word_1_540' title='bbox 1458 1794 1649 1829; x_wconf 81' lang='lat' dir='ltr'>sequuntur.</span> <span class='ocrx_word' id='word_1_541' title='bbox 1697 1788 1758 1818; x_wconf 89' lang='lat' dir='ltr'>Sed</span> <span class='ocrx_word' id='word_1_542' title='bbox 1790 1797 1828 1818; x_wconf 89' lang='lat' dir='ltr'>ca</span> 
     </span>
     <span class='ocr_line' id='line_1_100' title="bbox 990 1831 1826 1871; baseline -0.006 -6"><span class='ocrx_word' id='word_1_543' title='bbox 990 1835 1100 1864; x_wconf 84' lang='lat' dir='ltr'>omnia</span> <span class='ocrx_word' id='word_1_544' title='bbox 1129 1842 1220 1865; x_wconf 84' lang='lat' dir='ltr'>castae</span> <span class='ocrx_word' id='word_1_545' title='bbox 1249 1844 1341 1864; x_wconf 85' lang='lat' dir='ltr'>aures</span> <span class='ocrx_word' id='word_1_546' title='bbox 1370 1841 1560 1871; x_wconf 84' lang='lat' dir='ltr'>mentesque</span> <span class='ocrx_word' id='word_1_547' title='bbox 1587 1831 1675 1861; x_wconf 77' lang='lat' dir='ltr'>haud</span> <span class='ocrx_word' id='word_1_548' title='bbox 1701 1831 1826 1861; x_wconf 88' lang='lat' dir='ltr'>ferunt:</span> 
     </span>
     <span class='ocr_line' id='line_1_101' title="bbox 991 1875 1674 1917; baseline -0.006 -10"><span class='ocrx_word' id='word_1_549' title='bbox 991 1878 1110 1917; x_wconf 89' lang='lat' dir='ltr'>quibus</span> <span class='ocrx_word' id='word_1_550' title='bbox 1126 1879 1194 1917; x_wconf 91' lang='lat' dir='ltr'>peti</span> <span class='ocrx_word' id='word_1_551' title='bbox 1210 1877 1373 1907; x_wconf 73' lang='lat' dir='ltr'>Neronem</span> <span class='ocrx_word' id='word_1_552' title='bbox 1391 1875 1600 1906; x_wconf 78' lang='lat' dir='ltr'>manifestum</span> <span class='ocrx_word' id='word_1_553' title='bbox 1616 1879 1674 1904; x_wconf 84' lang='lat' dir='ltr'>est.</span> 
     </span>
    </p>

    <p class='ocr_par' dir='ltr' id='par_1_32' title="bbox 989 1915 1829 2088">
     <span class='ocr_line' id='line_1_102' title="bbox 1035 1915 1829 1960; baseline -0.006 -9"><span class='ocrx_word' id='word_1_554' title='bbox 1035 1921 1088 1951; x_wconf 80' lang='lat'>34.</span> <span class='ocrx_word' id='word_1_555' title='bbox 1112 1920 1173 1950; x_wconf 71' lang='lat' dir='ltr'>Est</span> <span class='ocrx_word' id='word_1_556' title='bbox 1195 1930 1291 1960; x_wconf 78' lang='lat' dir='ltr'>prope</span> <span class='ocrx_word' id='word_1_557' title='bbox 1318 1922 1348 1948; x_wconf 84' lang='lat' dir='ltr'>te</span> <span class='ocrx_word' id='word_1_558' title='bbox 1374 1916 1516 1959; x_wconf 76' lang='lat' dir='ltr'>ignotus]</span> <span class='ocrx_word' id='word_1_559' title='bbox 1552 1917 1665 1948; x_wconf 83' lang='lat' dir='ltr'>Aderit</span> <span class='ocrx_word' id='word_1_560' title='bbox 1693 1915 1829 1955; x_wconf 82' lang='lat' dir='ltr'>quidam</span> 
     </span>
     <span class='ocr_line' id='line_1_103' title="bbox 990 1959 1829 2002; baseline -0.005 -10"><span class='ocrx_word' id='word_1_561' title='bbox 990 1972 1089 2002; x_wconf 87' lang='lat' dir='ltr'>quern</span> <span class='ocrx_word' id='word_1_562' title='bbox 1126 1973 1192 1994; x_wconf 90' lang='lat' dir='ltr'>non</span> <span class='ocrx_word' id='word_1_563' title='bbox 1228 1964 1323 2000; x_wconf 71' lang='lat' dir='ltr'>neris,</span> <span class='ocrx_word' id='word_1_564' title='bbox 1361 1962 1417 1992; x_wconf 84' lang='lat' dir='ltr'>sed</span> <span class='ocrx_word' id='word_1_565' title='bbox 1444 1962 1503 2001; x_wconf 87' lang='lat' dir='ltr'>qui</span> <span class='ocrx_word' id='word_1_566' title='bbox 1531 1966 1565 1990; x_wconf 85' lang='lat' dir='ltr'>te</span> <span class='ocrx_word' id='word_1_567' title='bbox 1603 1959 1700 1999; x_wconf 75' lang='lat' dir='ltr'>probe</span> <span class='ocrx_word' id='word_1_568' title='bbox 1730 1959 1829 1998; x_wconf 63' lang='lat' dir='ltr'>norit,</span> 
     </span>
     <span class='ocr_line' id='line_1_104' title="bbox 989 2002 1828 2047; baseline -0.007 -10"><span class='ocrx_word' id='word_1_569' title='bbox 989 2011 1150 2047; x_wconf 83' lang='lat' dir='ltr'>tuamque</span> <span class='ocrx_word' id='word_1_570' title='bbox 1165 2005 1245 2037; x_wconf 80' lang='lat' dir='ltr'>adeo</span> <span class='ocrx_word' id='word_1_571' title='bbox 1261 2006 1359 2036; x_wconf 81' lang='lat' dir='ltr'>vitam</span> <span class='ocrx_word' id='word_1_572' title='bbox 1385 2005 1594 2043; x_wconf 83' lang='lat' dir='ltr'>occultasque</span> <span class='ocrx_word' id='word_1_573' title='bbox 1608 2002 1754 2033; x_wconf 85' lang='lat' dir='ltr'>libidines</span> <span class='ocrx_word' id='word_1_574' title='bbox 1769 2009 1828 2032; x_wconf 80' lang='lat' dir='ltr'>ex-</span> 
     </span>
     <span class='ocr_line' id='line_1_105' title="bbox 990 2056 1132 2088; baseline 0.014 -9"><span class='ocrx_word' id='word_1_575' title='bbox 990 2056 1132 2088; x_wconf 82' lang='lat' dir='ltr'>promet.</span> 
     </span>
    </p>

    <p class='ocr_par' dir='ltr' id='par_1_33' title="bbox 993 2087 1827 2177">
     <span class='ocr_line' id='line_1_106' title="bbox 1035 2087 1827 2134; baseline -0.006 -12"><span class='ocrx_word' id='word_1_576' title='bbox 1035 2092 1145 2124; x_wconf 81' lang='lat' dir='ltr'>Cubito</span> <span class='ocrx_word' id='word_1_577' title='bbox 1160 2094 1213 2134; x_wconf 86' lang='lat' dir='ltr'>qui</span> <span class='ocrx_word' id='word_1_578' title='bbox 1229 2090 1356 2133; x_wconf 80' lang='lat' dir='ltr'>tangat]</span> <span class='ocrx_word' id='word_1_579' title='bbox 1394 2091 1493 2124; x_wconf 82' lang='lat' dir='ltr'>Quasi</span> <span class='ocrx_word' id='word_1_580' title='bbox 1505 2090 1641 2119; x_wconf 82' lang='lat' dir='ltr'>latenter</span> <span class='ocrx_word' id='word_1_581' title='bbox 1654 2087 1827 2118; x_wconf 83' lang='lat' dir='ltr'>admoneat</span> 
     </span>
     <span class='ocr_line' id='line_1_107' title="bbox 993 2133 1577 2177; baseline -0.007 -11"><span class='ocrx_word' id='word_1_582' title='bbox 993 2137 1021 2166; x_wconf 59' lang='grc' dir='ltr'>ὃς</span> <span class='ocrx_word' id='word_1_583' title='bbox 1039 2137 1182 2177; x_wconf 83' lang='lat' dir='ltr'>increpet</span> <span class='ocrx_word' id='word_1_584' title='bbox 1197 2138 1280 2167; x_wconf 85' lang='lat' dir='ltr'>latus</span> <span class='ocrx_word' id='word_1_585' title='bbox 1294 2142 1392 2165; x_wconf 83' lang='lat' dir='ltr'>tuum</span> <span class='ocrx_word' id='word_1_586' title='bbox 1410 2133 1577 2174; x_wconf 85' lang='lat' dir='ltr'>pulsando.</span> 
     </span>
    </p>

    <p class='ocr_par' dir='ltr' id='par_1_34' title="bbox 992 2179 1716 2306">
     <span class='ocr_line' id='line_1_108' title="bbox 992 2179 1358 2211; baseline -0.005 -2"><span class='ocrx_word' id='word_1_587' title='bbox 992 2179 1105 2210; x_wconf 85' lang='lat' dir='ltr'>Horat.</span> <span class='ocrx_word' id='word_1_588' title='bbox 1126 2182 1171 2211; x_wconf 78' lang='lat' dir='ltr'>lib</span> <span class='ocrx_word' id='word_1_589' title='bbox 1197 2181 1228 2210; x_wconf 80' lang='lat'>2.</span> <span class='ocrx_word' id='word_1_590' title='bbox 1245 2180 1313 2209; x_wconf 73' lang='lat' dir='ltr'>Sat.</span> <span class='ocrx_word' id='word_1_591' title='bbox 1328 2181 1358 2207; x_wconf 85' lang='lat'>5.</span> 
     </span>
     <span class='ocr_line' id='line_1_109' title="bbox 1080 2217 1716 2263; baseline -0.013 -9"><span class='ocrx_word' id='word_1_592' title='bbox 1080 2223 1204 2263; x_wconf 77' lang='lat' dir='ltr'>Aliquis</span> <span class='ocrx_word' id='word_1_593' title='bbox 1215 2222 1316 2253; x_wconf 77' lang='lat' dir='ltr'>cubito</span> <span class='ocrx_word' id='word_1_594' title='bbox 1327 2224 1459 2251; x_wconf 78' lang='lat' dir='ltr'>stantem</span> <span class='ocrx_word' id='word_1_595' title='bbox 1471 2217 1567 2259; x_wconf 72' lang='lat' dir='ltr'>prope</span> <span class='ocrx_word' id='word_1_596' title='bbox 1584 2221 1716 2258; x_wconf 72' lang='lat' dir='ltr'>tangens</span> 
     </span>
     <span class='ocr_line' id='line_1_110' title="bbox 1077 2266 1212 2306; baseline 0 -10"><span class='ocrx_word' id='word_1_597' title='bbox 1077 2266 1212 2306; x_wconf 80' lang='lat' dir='ltr'>Inquiet.</span> 
     </span>
    </p>

    <p class='ocr_par' dir='ltr' id='par_1_35' title="bbox 994 2303 1830 2521">
     <span class='ocr_line' id='line_1_111' title="bbox 1035 2303 1830 2349; baseline -0.011 -9"><span class='ocrx_word' id='word_1_598' title='bbox 1035 2310 1088 2340; x_wconf 81' lang='lat'>85.</span> <span class='ocrx_word' id='word_1_599' title='bbox 1122 2310 1263 2349; x_wconf 80' lang='lat' dir='ltr'>Despuat</span> <span class='ocrx_word' id='word_1_600' title='bbox 1279 2309 1311 2338; x_wconf 83' lang='lat' dir='ltr'>in</span> <span class='ocrx_word' id='word_1_601' title='bbox 1325 2307 1435 2346; x_wconf 81' lang='lat' dir='ltr'>mores]</span> <span class='ocrx_word' id='word_1_602' title='bbox 1469 2303 1721 2344; x_wconf 76' lang='lat' dir='ltr'>Turpitud‘mem</span> <span class='ocrx_word' id='word_1_603' title='bbox 1737 2308 1830 2333; x_wconf 80' lang='lat' dir='ltr'>tuam</span> 
     </span>
     <span class='ocr_line' id='line_1_112' title="bbox 994 2346 1830 2392; baseline -0.01 -10"><span class='ocrx_word' id='word_1_604' title='bbox 994 2360 1178 2392; x_wconf 83' lang='lat' dir='ltr'>execretur,</span> <span class='ocrx_word' id='word_1_605' title='bbox 1203 2352 1352 2392; x_wconf 76' lang='lat' dir='ltr'>graphi-e</span> <span class='ocrx_word' id='word_1_606' title='bbox 1380 2351 1544 2390; x_wconf 79' lang='lat' dir='ltr'>depingat,</span> <span class='ocrx_word' id='word_1_607' title='bbox 1568 2346 1754 2376; x_wconf 88' lang='lat' dir='ltr'>Vectidium</span> <span class='ocrx_word' id='word_1_608' title='bbox 1779 2346 1830 2375; x_wconf 80' lang='lat' dir='ltr'>ul·</span> 
     </span>
     <span class='ocr_line' id='line_1_113' title="bbox 995 2388 1830 2431; baseline -0.007 -5"><span class='ocrx_word' id='word_1_609' title='bbox 995 2396 1141 2426; x_wconf 83' lang='lat' dir='ltr'>ciscatur.</span> <span class='ocrx_word' id='word_1_610' title='bbox 1188 2396 1272 2425; x_wconf 71' lang='lat' dir='ltr'>cum</span> <span class='ocrx_word' id='word_1_611' title='bbox 1290 2394 1439 2424; x_wconf 79' lang='lat' dir='ltr'>1oetidum</span> <span class='ocrx_word' id='word_1_612' title='bbox 1456 2391 1534 2431; x_wconf 83' lang='lat' dir='ltr'>quid</span> <span class='ocrx_word' id='word_1_613' title='bbox 1559 2399 1751 2427; x_wconf 82' lang='lat' dir='ltr'>aversamur,</span> <span class='ocrx_word' id='word_1_614' title='bbox 1773 2388 1830 2418; x_wconf 90' lang='lat' dir='ltr'>de·</span> 
     </span>
     <span class='ocr_line' id='line_1_114' title="bbox 995 2432 1829 2478; baseline -0.008 -10"><span class='ocrx_word' id='word_1_615' title='bbox 995 2440 1143 2478; x_wconf 87' lang='lat' dir='ltr'>spuimus</span> <span class='ocrx_word' id='word_1_616' title='bbox 1157 2451 1162 2468; x_wconf 91' lang='lat'>:</span> <span class='ocrx_word' id='word_1_617' title='bbox 1189 2440 1263 2468; x_wconf 86' lang='lat' dir='ltr'>hinc</span> <span class='ocrx_word' id='word_1_618' title='bbox 1279 2439 1421 2477; x_wconf 78' lang='lat' dir='ltr'>despuere</span> <span class='ocrx_word' id='word_1_619' title='bbox 1434 2434 1591 2474; x_wconf 79' lang='lat' dir='ltr'>significat</span> <span class='ocrx_word' id='word_1_620' title='bbox 1604 2432 1781 2462; x_wconf 75' lang='lat' dir='ltr'>abominari</span> <span class='ocrx_word' id='word_1_621' title='bbox 1792 2442 1829 2463; x_wconf 87' lang='lat' dir='ltr'>ac</span> 
     </span>
     <span class='ocr_line' id='line_1_115' title="bbox 995 2482 1339 2521; baseline -0.006 -10"><span class='ocrx_word' id='word_1_622' title='bbox 995 2482 1143 2512; x_wconf 80' lang='lat' dir='ltr'>detestari</span> <span class='ocrx_word' id='word_1_623' title='bbox 1158 2482 1339 2521; x_wconf 85' lang='lat' dir='ltr'>quidpiam.</span> 
     </span>
    </p>

    <p class='ocr_par' dir='ltr' id='par_1_36' title="bbox 996 2520 1829 2607">
     <span class='ocr_line' id='line_1_116' title="bbox 996 2520 1538 2554; baseline -0.011 1"><span class='ocrx_word' id='word_1_624' title='bbox 996 2525 1100 2554; x_wconf 87' lang='lat' dir='ltr'>Plaut.</span> <span class='ocrx_word' id='word_1_625' title='bbox 1115 2526 1241 2554; x_wconf 75' lang='lat' dir='ltr'>Asinar.</span> <span class='ocrx_word' id='word_1_626' title='bbox 1259 2525 1331 2553; x_wconf 81' lang='lat' dir='ltr'>Act.</span> <span class='ocrx_word' id='word_1_627' title='bbox 1353 2524 1379 2551; x_wconf 87' lang='lat'>1.</span> <span class='ocrx_word' id='word_1_628' title='bbox 1397 2523 1490 2551; x_wconf 84' lang='lat' dir='ltr'>Scen.</span> <span class='ocrx_word' id='word_1_629' title='bbox 1510 2520 1538 2549; x_wconf 92' lang='lat'>1.</span> 
     </span>
     <span class='ocr_line' id='line_1_117' title="bbox 1072 2562 1829 2607; baseline -0.005 -10"><span class='ocrx_word' id='word_1_630' title='bbox 1072 2568 1170 2607; x_wconf 75' lang='lat' dir='ltr'>Teque</span> <span class='ocrx_word' id='word_1_631' title='bbox 1182 2567 1299 2596; x_wconf 78' lang='lat' dir='ltr'>obsecro</span> <span class='ocrx_word' id='word_1_632' title='bbox 1314 2563 1423 2600; x_wconf 77' lang='lat' dir='ltr'>hercle,</span> <span class='ocrx_word' id='word_1_633' title='bbox 1435 2568 1468 2593; x_wconf 82' lang='lat' dir='ltr'>ut</span> <span class='ocrx_word' id='word_1_634' title='bbox 1480 2573 1546 2601; x_wconf 71' lang='lat' dir='ltr'>quar</span> <span class='ocrx_word' id='word_1_635' title='bbox 1558 2563 1677 2592; x_wconf 72' lang='lat' dir='ltr'>locutus</span> <span class='ocrx_word' id='word_1_636' title='bbox 1689 2562 1829 2601; x_wconf 69' lang='lat' dir='ltr'>despuas.</span> 
     </span>
    </p>

    <p class='ocr_par' dir='ltr' id='par_1_37' title="bbox 995 2605 1831 2817">
     <span class='ocr_line' id='line_1_118' title="bbox 1039 2605 1829 2645; baseline -0.005 -5"><span class='ocrx_word' id='word_1_637' title='bbox 1039 2611 1091 2640; x_wconf 79' lang='lat'>87.</span> <span class='ocrx_word' id='word_1_638' title='bbox 1119 2610 1164 2640; x_wconf 82' lang='lat' dir='ltr'>Tu</span> <span class='ocrx_word' id='word_1_639' title='bbox 1191 2609 1258 2639; x_wconf 74' lang='lat' dir='ltr'>cz&#39;tm</span> <span class='ocrx_word' id='word_1_640' title='bbox 1290 2607 1438 2645; x_wconf 68' lang='lat' dir='ltr'>maxillis]</span> <span class='ocrx_word' id='word_1_641' title='bbox 1475 2607 1504 2635; x_wconf 84' lang='lat' dir='ltr'><em>O</em></span> <span class='ocrx_word' id='word_1_642' title='bbox 1530 2605 1630 2643; x_wconf 85' lang='lat' dir='ltr'>Nero,</span> <span class='ocrx_word' id='word_1_643' title='bbox 1652 2605 1772 2636; x_wconf 83' lang='lat' dir='ltr'>deliciis</span> <span class='ocrx_word' id='word_1_644' title='bbox 1800 2608 1829 2636; x_wconf 83' lang='lat'>&amp;</span> 
     </span>
     <span class='ocr_line' id='line_1_119' title="bbox 995 2647 1831 2692; baseline -0.005 -9"><span class='ocrx_word' id='word_1_645' title='bbox 995 2652 1127 2683; x_wconf 72' lang='lat' dir='ltr'>luxuria</span> <span class='ocrx_word' id='word_1_646' title='bbox 1143 2653 1276 2692; x_wconf 78' lang='lat' dir='ltr'>perdire,</span> <span class='ocrx_word' id='word_1_647' title='bbox 1300 2651 1374 2680; x_wconf 71' lang='lat' dir='ltr'>cum</span> <span class='ocrx_word' id='word_1_648' title='bbox 1398 2648 1486 2679; x_wconf 70' lang='lat' dir='ltr'>tanta</span> <span class='ocrx_word' id='word_1_649' title='bbox 1512 2647 1588 2678; x_wconf 65' lang='lat' dir='ltr'>cura</span> <span class='ocrx_word' id='word_1_650' title='bbox 1611 2658 1737 2679; x_wconf 89' lang='lat' dir='ltr'>comam</span> <span class='ocrx_word' id='word_1_651' title='bbox 1755 2649 1831 2688; x_wconf 90' lang='lat' dir='ltr'>alas,</span> 
     </span>
     <span class='ocr_line' id='line_1_120' title="bbox 997 2691 1830 2735; baseline -0.004 -10"><span class='ocrx_word' id='word_1_652' title='bbox 997 2703 1118 2735; x_wconf 74' lang='lat' dir='ltr'>pectaS.</span> <span class='ocrx_word' id='word_1_653' title='bbox 1138 2705 1248 2735; x_wconf 83' lang='lat' dir='ltr'>ungas,</span> <span class='ocrx_word' id='word_1_654' title='bbox 1263 2700 1362 2732; x_wconf 82' lang='lat' dir='ltr'>atque</span> <span class='ocrx_word' id='word_1_655' title='bbox 1378 2701 1505 2730; x_wconf 87' lang='lat' dir='ltr'>semper</span> <span class='ocrx_word' id='word_1_656' title='bbox 1520 2691 1551 2720; x_wconf 90' lang='lat' dir='ltr'>in</span> <span class='ocrx_word' id='word_1_657' title='bbox 1569 2691 1683 2730; x_wconf 79' lang='lat' dir='ltr'>gradus</span> <span class='ocrx_word' id='word_1_658' title='bbox 1699 2691 1830 2730; x_wconf 82' lang='lat' dir='ltr'>formes,</span> 
     </span>
     <span class='ocr_line' id='line_1_121' title="bbox 996 2735 1831 2778; baseline -0.004 -10"><span class='ocrx_word' id='word_1_659' title='bbox 996 2739 1148 2778; x_wconf 88' lang='lat' dir='ltr'>pudendo</span> <span class='ocrx_word' id='word_1_660' title='bbox 1165 2738 1239 2767; x_wconf 56' lang='lat' dir='ltr'>sane</span> <span class='ocrx_word' id='word_1_661' title='bbox 1257 2738 1286 2766; x_wconf 70' lang='grc' dir='ltr'>δι</span> <span class='ocrx_word' id='word_1_662' title='bbox 1301 2736 1402 2765; x_wconf 86' lang='lat' dir='ltr'>nimio</span> <span class='ocrx_word' id='word_1_663' title='bbox 1419 2735 1510 2765; x_wconf 80' lang='lat' dir='ltr'>cultu</span> <span class='ocrx_word' id='word_1_664' title='bbox 1520 2744 1530 2773; x_wconf 90' lang='lat'>;</span> <span class='ocrx_word' id='word_1_665' title='bbox 1556 2740 1590 2765; x_wconf 83' lang='lat' dir='ltr'>ut</span> <span class='ocrx_word' id='word_1_666' title='bbox 1603 2741 1736 2765; x_wconf 84' lang='lat' dir='ltr'>testatur</span> <span class='ocrx_word' id='word_1_667' title='bbox 1752 2737 1831 2766; x_wconf 92' lang='lat' dir='ltr'>Sue-</span> 
     </span>
     <span class='ocr_line' id='line_1_122' title="bbox 996 2782 1226 2817; baseline -0.022 -4"><span class='ocrx_word' id='word_1_668' title='bbox 996 2790 1064 2812; x_wconf 86' lang='lat' dir='ltr'>ton.</span> <span class='ocrx_word' id='word_1_669' title='bbox 1087 2791 1146 2817; x_wconf 84' lang='lat' dir='ltr'>cap</span> <span class='ocrx_word' id='word_1_670' title='bbox 1176 2782 1226 2809; x_wconf 71' lang='grc'>51.</span> 
     </span>
    </p>

    <p class='ocr_par' dir='ltr' id='par_1_38' title="bbox 996 2821 1830 2897">
     <span class='ocr_line' id='line_1_123' title="bbox 1040 2821 1830 2863; baseline -0.003 -11"><span class='ocrx_word' id='word_1_671' title='bbox 1040 2823 1205 2863; x_wconf 73' lang='lat' dir='ltr'>Maxillis]</span> <span class='ocrx_word' id='word_1_672' title='bbox 1236 2821 1381 2852; x_wconf 86' lang='lat' dir='ltr'>Dentato</span> <span class='ocrx_word' id='word_1_673' title='bbox 1406 2821 1503 2851; x_wconf 84' lang='lat' dir='ltr'>instar</span> <span class='ocrx_word' id='word_1_674' title='bbox 1524 2821 1731 2851; x_wconf 83' lang='lat' dir='ltr'>maxillarum</span> <span class='ocrx_word' id='word_1_675' title='bbox 1757 2830 1830 2860; x_wconf 73' lang='lat' dir='ltr'>pec·</span> 
     </span>
     <span class='ocr_line' id='line_1_124' title="bbox 996 2867 1074 2897; baseline -0.026 0"><span class='ocrx_word' id='word_1_676' title='bbox 996 2867 1074 2897; x_wconf 82' lang='lat' dir='ltr'>tine.</span> 
     </span>
    </p>

    <p class='ocr_par' dir='ltr' id='par_1_39' title="bbox 999 2905 1837 3114">
     <span class='ocr_line' id='line_1_125' title="bbox 1040 2905 1832 2948; baseline -0.003 -10"><span class='ocrx_word' id='word_1_677' title='bbox 1040 2905 1248 2948; x_wconf 73' lang='lat' dir='ltr'>Batanatum]</span> <span class='ocrx_word' id='word_1_678' title='bbox 1270 2908 1437 2938; x_wconf 87' lang='lat' dir='ltr'>Perfusum</span> <span class='ocrx_word' id='word_1_679' title='bbox 1465 2917 1501 2937; x_wconf 85' lang='lat' dir='ltr'>ac</span> <span class='ocrx_word' id='word_1_680' title='bbox 1526 2906 1710 2936; x_wconf 82' lang='lat' dir='ltr'>delibutum</span> <span class='ocrx_word' id='word_1_681' title='bbox 1725 2915 1832 2946; x_wconf 89' lang='lat' dir='ltr'>ungu-</span> 
     </span>
     <span class='ocr_line' id='line_1_126' title="bbox 999 2949 1831 2988; baseline -0.002 -6"><span class='ocrx_word' id='word_1_682' title='bbox 999 2958 1077 2982; x_wconf 88' lang='lat' dir='ltr'>ento</span> <span class='ocrx_word' id='word_1_683' title='bbox 1102 2951 1266 2988; x_wconf 87' lang='lat' dir='ltr'>balanino,</span> <span class='ocrx_word' id='word_1_684' title='bbox 1288 2960 1345 2981; x_wconf 88' lang='lat' dir='ltr'>seu</span> <span class='ocrx_word' id='word_1_685' title='bbox 1361 2951 1378 2980; x_wconf 82' lang='grc' dir='ltr'>ὲ</span> <span class='ocrx_word' id='word_1_686' title='bbox 1394 2951 1519 2980; x_wconf 87' lang='lat' dir='ltr'>balano.</span> <span class='ocrx_word' id='word_1_687' title='bbox 1566 2949 1704 2978; x_wconf 65' lang='lat' dir='ltr'>Batauus</span> <span class='ocrx_word' id='word_1_688' title='bbox 1721 2955 1831 2980; x_wconf 90' lang='lat' dir='ltr'>autem</span> 
     </span>
     <span class='ocr_line' id='line_1_127' title="bbox 1001 2991 1837 3034; baseline -0.004 -10"><span class='ocrx_word' id='word_1_689' title='bbox 1001 3002 1046 3025; x_wconf 68' lang='lat' dir='ltr'>est</span> <span class='ocrx_word' id='word_1_690' title='bbox 1062 2995 1162 3034; x_wconf 87' lang='lat' dir='ltr'>glans,</span> <span class='ocrx_word' id='word_1_691' title='bbox 1188 3003 1245 3023; x_wconf 86' lang='lat' dir='ltr'>seu</span> <span class='ocrx_word' id='word_1_692' title='bbox 1260 2994 1382 3024; x_wconf 77' lang='lat' dir='ltr'>fructus</span> <span class='ocrx_word' id='word_1_693' title='bbox 1400 2993 1573 3023; x_wconf 71' lang='lat' dir='ltr'>arbusculae</span> <span class='ocrx_word' id='word_1_694' title='bbox 1599 3000 1665 3020; x_wconf 86' lang='lat' dir='ltr'>non</span> <span class='ocrx_word' id='word_1_695' title='bbox 1681 2991 1837 3022; x_wconf 80' lang='lat' dir='ltr'>absimilis</span> 
     </span>
     <span class='ocr_line' id='line_1_128' title="bbox 1001 3035 1835 3073; baseline -0.01 -6"><span class='ocrx_word' id='word_1_696' title='bbox 1001 3039 1079 3068; x_wconf 88' lang='lat' dir='ltr'>nuci</span> <span class='ocrx_word' id='word_1_697' title='bbox 1095 3037 1269 3067; x_wconf 81' lang='lat' dir='ltr'>avellanae:</span> <span class='ocrx_word' id='word_1_698' title='bbox 1292 3037 1369 3067; x_wconf 90' lang='lat' dir='ltr'>inde</span> <span class='ocrx_word' id='word_1_699' title='bbox 1391 3037 1487 3066; x_wconf 82' lang='lat' dir='ltr'>fiebat</span> <span class='ocrx_word' id='word_1_700' title='bbox 1513 3035 1712 3072; x_wconf 84' lang='lat' dir='ltr'>exquisitum</span> <span class='ocrx_word' id='word_1_701' title='bbox 1729 3043 1835 3073; x_wconf 85' lang='lat' dir='ltr'>ungu.</span> 
     </span>
     <span class='ocr_line' id='line_1_129' title="bbox 1004 3076 1837 3114; baseline -0.002 -4"><span class='ocrx_word' id='word_1_702' title='bbox 1004 3086 1116 3110; x_wconf 90' lang='lat' dir='ltr'>entum</span> <span class='ocrx_word' id='word_1_703' title='bbox 1133 3081 1161 3110; x_wconf 71' lang='grc' dir='ltr'>ἀ</span> <span class='ocrx_word' id='word_1_704' title='bbox 1178 3080 1300 3110; x_wconf 90' lang='lat' dir='ltr'>oleum.</span> <span class='ocrx_word' id='word_1_705' title='bbox 1343 3079 1422 3109; x_wconf 88' lang='lat' dir='ltr'>Plin.</span> <span class='ocrx_word' id='word_1_706' title='bbox 1449 3078 1502 3106; x_wconf 89' lang='lat' dir='ltr'>lib.</span> <span class='ocrx_word' id='word_1_707' title='bbox 1520 3078 1572 3106; x_wconf 70' lang='lat'>23.</span> <span class='ocrx_word' id='word_1_708' title='bbox 1595 3086 1664 3114; x_wconf 88' lang='lat' dir='ltr'>cap.</span> <span class='ocrx_word' id='word_1_709' title='bbox 1678 3078 1707 3105; x_wconf 83' lang='lat'>5.</span> <span class='ocrx_word' id='word_1_710' title='bbox 1752 3076 1837 3108; x_wconf 83' lang='lat' dir='ltr'>Item</span> 
     </span>
    </p>
   </div>
   <div class='ocr_carea' id='block_1_12' title="bbox 124 3118 1839 3166">
    <p class='ocr_par' dir='ltr' id='par_1_40' title="bbox 124 3118 1839 3166">
     <span class='ocr_line' id='line_1_130' title="bbox 124 3118 1839 3166; baseline -0.001 -13"><span class='ocrx_word' id='word_1_711' title='bbox 124 3124 317 3165; x_wconf 81' lang='lat' dir='ltr'>intelligant,</span> <span class='ocrx_word' id='word_1_712' title='bbox 341 3127 380 3156; x_wconf 80' lang='lat' dir='ltr'>eo</span> <span class='ocrx_word' id='word_1_713' title='bbox 408 3127 497 3166; x_wconf 80' lang='lat' dir='ltr'>quod</span> <span class='ocrx_word' id='word_1_714' title='bbox 520 3126 658 3158; x_wconf 82' lang='lat' dir='ltr'>Romani</span> <span class='ocrx_word' id='word_1_715' title='bbox 684 3125 815 3166; x_wconf 78' lang='lat' dir='ltr'>milites,</span> <span class='ocrx_word' id='word_1_716' title='bbox 838 3125 960 3164; x_wconf 79' lang='lat' dir='ltr'>aliique</span> <span class='ocrx_word' id='word_1_717' title='bbox 1004 3133 1074 3164; x_wconf 85' lang='lat' dir='ltr'>cap.</span> <span class='ocrx_word' id='word_1_718' title='bbox 1089 3122 1275 3162; x_wconf 82' lang='lat' dir='ltr'>4.ejusdem</span> <span class='ocrx_word' id='word_1_719' title='bbox 1292 3122 1402 3152; x_wconf 84' lang='lat' dir='ltr'>Libri:</span> <span class='ocrx_word' id='word_1_720' title='bbox 1426 3119 1615 3150; x_wconf 64' lang='lat' dir='ltr'>Bazanznum</span> <span class='ocrx_word' id='word_1_721' title='bbox 1626 3118 1724 3149; x_wconf 79' lang='lat' dir='ltr'>oleum</span> <span class='ocrx_word' id='word_1_722' title='bbox 1734 3129 1839 3160; x_wconf 77' lang='lat' dir='ltr'>repur-</span> 
     </span>
    </p>
   </div>
  </div>
 </body>
</html>
