1948 3281
82 65 174 115 ,206

603 70 941 117 JUVENALIS
973 74 1191 118 SATIRA
1221 77 1304 119 XI.

88 155 214 185 Etenim
248 157 312 188 vini
341 160 364 197 ἐ
401 158 602 191 vitnau-anns
613 163 809 219 Namque
826 178 908 205 una
923 174 1044 220 atque
1065 166 1206 206 eadem
1229 157 1312 207 vini
1330 165 1472 221 patria,
1488 174 1610 224 atque
1624 166 1817 210 ministri.

87 208 178 228 tinum
194 200 348 240 ipsumque
363 206 407 232 est
424 205 528 232 natale
553 215 599 234 so·
719 220 726 226 ·

86 242 169 272 lum.
213 243 483 285 Speresjbrtasw,
506 251 540 276 ut
553 259 599 276 ‹tr-

615 221 800 283 Forsitan
824 231 1027 275 expectes,
1053 231 1098 262 ut
1120 222 1323 264 Gaditana
1344 238 1497 265 canoro

80 285 163 323 gata
179 286 345 317 saltatione
369 290 476 328 puelia
502 290 598 319 Gadi-
615 277 792 331 Inctpiat
815 278 965 331 prurire
988 280 1131 329 choro,
1156 279 1385 335 plausuque
1408 281 1587 336 probatae

85 331 162 358 tana
184 332 363 361 exordiatur
379 334 532 371 pruritum
549 333 680 374 ‘’s-Ad
706 344 848 375 terram
871 335 1045 376 tremulo
1067 336 1286 377 descendat
1308 337 1429 378 clune
1450 339 1614 393 puellae,

87 371 185 401 citare
199 384 209 401 .·

83 413 230 445 Remissae
245 418 380 448 lzbzdmzs
400 419 597 455 incentivum,

84 543 210 574 ulterius
225 545 313 576 sexus
325 558 334 573 :
359 547 384 576 is
392 546 462 585 plns
478 547 597 582 instam-

86 592 196 617 matur.

82 673 209 703 mittunt
230 684 281 703 eas
296 675 445 704 vanitates

81 716 178 745 cultet
203 717 331 746 sonitum
355 721 500 747 testarum
528 728 595 747 cum

614 391 920 434 Irritamentum
936 392 1108 433 Veneris
1131 393 1381 450 languentis,
1409 395 1447 436 Sc
1468 411 1576 438 acres

85 458 108 494 ἐς
127 464 297 498 pungentes
323 462 428 490 urtica*
452 461 589 499 opulenti
610 447 763 489 DlVltlS
785 448 945 490 urtlcae.

83 501 230 531 Attamen
252 504 352 532 acrior
377 515 411 532 ea
436 503 597 532 delectatio
610 505 791 546 Alterius
814 507 964 547 SssXfis:

1736 398 1751 437 l
1789 398 1812 435 5

1006 450 1146 505 Major
1169 460 1306 492 tamen
1329 451 1406 492 ista
1429 451 1614 507 voluptas
1761 396 1785 438 6

999 508 1128 564 magis
1152 508 1218 549 ille
1235 509 1485 560 extenditur,
1512 510 1551 550 Sc
1570 525 1670 554 mox

288 612 293 617 Ι
393 611 402 619 .
492 612 500 618 .
590 562 792 618 ,Auribus
815 573 936 619 atque
958 564 1087 606 oculis
1109 574 1308 620 concepta
1329 565 1446 607 urina
1469 570 1669 610 movetur.

245 631 454 670 AEelesparzroe
470 641 526 660 non
541 620 712 661 acl-Non
735 620 842 676 capit
866 624 935 663 lias
958 637 1086 678 nugas
1107 622 1474 672 humilisndomus:
1505 624 1639 666 audiat
1663 626 1728 668 ille

479 674 513 703 IS
527 685 596 703 “m-
608 677 822 719 Testarum
841 679 1017 732 crepitus
1033 695 1129 720 cum
1138 679 1283 729 verbis.
1303 681 1464 722 nudum
1479 681 1590 722 olido
1604 691 1712 724 stans
1736 685 1815 730 170

78 760 272 798 sermonibus,
287 760 394 797 quibus
416 771 474 790 non
500 761 597 790 utitur
611 735 781 776 Fornice
803 736 1058 791 mancipium
1081 738 1230 793 quibus
1253 737 1456 779 abstinet:
1497 737 1562 779 ille
1582 738 1738 782 fruatur

82 811 167 831 sert-a
179 808 321 851 prpsta-ns
336 804 418 832 nuda
430 803 596 841 infoetenti
607 792 793 834 VOClbUS
816 794 1039 845 ObSCOEHlS‚
1064 796 1262 851 onlnlque
1284 795 1464 836 llbldlssis
1485 806 1582 847 arte,

82 846 248 882 lupanar2;
282 856 307 874 ²⁹
331 848 473 885 P⁰²s02²ff
498 846 692 906 verbisQUi
716 851 1083 893 Lacedaemonium
1109 853 1326 908 pytismate
1349 853 1523 894 lubricat
1544 852 1701 897 orbem.

82 888 254 927 impudicis,
276 890 298 927 65
312 889 420 918 cunc-td
442 889 594 929 cupidinis

81 930 245 969 indus-triti,
274 933 326 970 qui
349 933 515 971 pytismate
545 932 589 961 lu·

82 972 195 1003 bricam
210 975 299 1013 jacit
313 976 409 1005 orbem
423 976 615 1006 Laconicum.

606 908 799 964 Namque
822 908 876 949 ibi
899 909 1077 951 fortunae
1099 925 1259 951 veniam
1286 911 1446 951 damus.

1508 910 1612 952 Alea
1636 913 1780 969 turpis,

663 974 731 1006 Illic
753 975 829 1004 enim
844 975 920 1005 sorti
931 975 1130 1015 indulgemus.
1176 975 1342 1006 Inhonesta
1358 977 1542 1007 tenuioribus
1553 979 1634 1016 alea,

130 1174 202 1204 162.
228 1175 370 1207 Forsitan
386 1176 539 1216 expectes]
573 1176 603 1206 O
620 1176 743 1206 Persice
756 1176 838 1206 mihi
858 1187 926 1216 pro-

88 1218 186 1248 misse
200 1221 346 1258 conviva,
374 1231 416 1250 ne
441 1231 531 1260 spera
554 1230 649 1250 vanas
672 1220 840 1250 libidinum
860 1221 926 1251 ille-

90 1261 205 1291 cebras.
250 1263 310 1293 Hae
326 1264 397 1293 solis
414 1264 565 1293 divitibus
581 1269 663 1301 aptae
680 1269 764 1293 sunt.

133 1303 305 1345 Gaditana]
328 1307 490 1337 Nimirum
521 1307 641 1336 lascivis
668 1307 797 1336 eruditae
826 1309 925 1338 canti-

86 1346 167 1375 lenis
175 1348 273 1378 simul
289 1351 315 1379 δε
331 1350 552 1379 saltationibus
566 1350 773 1380 meretriculae
787 1350 925 1381 Romam

87 1391 329 1423 accersebantur
356 1393 373 1422 ὲ
401 1393 543 1423 Gadibus
567 1393 687 1431 Insula,
711 1394 750 1422 de
774 1403 837 1431 qua
861 1395 927 1427 Sat.

88 1435 222 1471 praeced,
243 1446 271 1465 v.
291 1439 318 1466 1.

132 1476 249 1507 Canoro
265 1479 393 1518 incipiat
403 1480 527 1520 'prurire
542 1478 644 1517 choro]
670 1478 801 1518 Egregie
816 1479 925 1511 locum

87 1517 191 1558 hunc,
207 1523 302 1552 verba
319 1529 531 1561 mentemque
545 1522 710 1553 Juvenalis
725 1523 926 1554 adumbravit

86 1561 229 1593 Macrob.
246 1566 300 1594 lib.
319 1568 350 1595 2.
367 1566 526 1595 Saturnal.
542 1575 610 1604 cap.
632 1568 659 1595 1.
677 1565 733 1593 ubi
746 1566 790 1594 sic
806 1565 903 1596 habet
917 1578 923 1596 :

87 1608 121 1633 ut
150 1607 258 1644 puella
292 1609 409 1638 mollior
435 1609 547 1637 canoa-d
580 1608 734 1637 dulcedine
771 1610 793 1646 ιδ·
828 1609 924 1639 salta·

87 1648 178 1677 tionis·
212 1651 327 1680 lubrico
356 1656 507 1681 exerceret
536 1650 685 1681 illecebris
708 1650 923 1691 philosophan-

89 1694 148 1720 tes.

133 1734 205 1766 167.
231 1736 435 1777 Extenditur]
471 1739 522 1768 Sic
548 1739 663 1777 legitur
688 1738 796 1778 vulgo.
843 1738 923 1772 Qui-

87 1776 174 1815 dam,
186 1779 370 1820 incenditur,
384 1791 483 1821 quam
496 1783 668 1811 lectionem
684 1781 923 1819 interpretando

86 1822 188 1850 secuti
204 1833 329 1863 sumus,
348 1835 413 1855 non
433 1831 468 1855 ut
484 1826 662 1862 meliorem,
678 1824 732 1853 sed
748 1825 923 1857 clariorem.

87 1862 200 1894 Innuit
218 1865 308 1897 Poeta
328 1869 487 1907 proniores
505 1870 532 1897 &-
549 1868 740 1897 ardentiores
763 1868 802 1898 ad
817 1869 924 1899 libidi-

85 1915 161 1937 nem
177 1908 324 1941 foeminas
338 1912 436 1950 quam
452 1911 543 1940 viros.

131 1950 203 1982 169.
229 1953 348 1984 Audiat
365 1955 434 1993 ille]
458 1954 763 1984 Divesluxuriosus.

132 1996 203 2024 170.
225 1995 381 2027 Testarum
398 1997 545 2036 crepitus]
568 1998 696 2027 Crotala
711 1998 778 2027 sive
790 1998 924 2037 crepita-

87 2036 160 2066 cula
184 2037 201 2067 ὲ
226 2041 322 2078 testis,
347 2042 464 2079 quibus
481 2042 563 2070 inter
577 2040 761 2070 saltandum
785 2047 924 2072 utuntur

86 2089 150 2109 uon
167 2082 238 2111 siue
253 2082 366 2112 decore
391 2083 539 2122 quaedam
564 2089 686 2122 gentes,
713 2090 750 2113 ut
773 2083 923 2121 Hispani.

86 2123 224 2154 Addunt
242 2126 268 2154 (Se
288 2127 435 2156 mulieres
451 2126 593 2156 Indicas:
621 2126 792 2156 Gaditanas
807 2127 860 2157 hic
876 2128 924 2157 in-

86 2167 159 2196 nuit
170 2167 276 2198 Poeta.
302 2168 437 2207 Gallice,
448 2170 499 2198 des
511 2172 731 2208 castagnettes.
753 2169 821 2199 Alii
831 2171 924 2201 intel-

86 2209 195 2249 ligunt
210 2212 355 2250 cymbala
371 2213 436 2242 sive
453 2218 618 2251 tympana.
648 2211 757 2242 Fuisse
773 2213 923 2251 quaedam

87 2253 298 2284 instrumenta
314 2265 429 2285 sonora
444 2261 538 2285 testas
552 2260 662 2284 vocata
679 2254 774 2284 docet
788 2256 924 2288 Sueton.

86 2295 166 2327 Nec.
182 2308 208 2327 c.
224 2298 276 2327 20.
295 2299 351 2328 ubi
378 2299 472 2328 refert
489 2298 652 2327 Neronem
667 2298 799 2337 elegisse
814 2300 922 2337 plures

84 2338 350 2371 adolescentulos.
398 2341 460 2374 Qui
487 2341 576 2370 divisi
600 2340 631 2369 in
648 2340 809 2377 sactiones
830 2344 922 2380 plau-

84 2391 169 2412 suum
179 2393 292 2425 genera
310 2385 528 2421 condiscerent,
543 2383 682 2422 (bombos
698 2385 720 2422 ἐς
735 2384 882 2424 imbrices,
898 2389 922 2424 ἐς

86 2429 181 2456 testas
203 2428 375 2467 vocabant)
401 2436 578 2468 operamque
604 2430 752 2456 navarent
780 2431 922 2459 cantanti

85 2468 155 2505 Sibi,
171 2472 227 2501 δίο.

134 2514 202 2543 171.
242 2515 356 2548 Quibus
386 2515 533 2554 abstinet]
570 2515 646 2544 Plus
673 2514 814 2544 retinens
838 2525 923 2546 vere-

86 2555 211 2585 cundia:
229 2559 328 2597 quam
346 2560 478 2589 lasciviae
494 2560 553 2589 illae
571 2558 756 2597 saltatrices,
772 2564 829 2589 aut
845 2559 923 2589 divi-

87 2602 133 2626 tes
150 2599 279 2639 impuri.

131 2642 202 2670 173.
230 2642 290 2675 Qui
319 2643 574 2675 Laceslaemonium
597 2646 764 2686 pytismate
790 2644 922 2675 lubricat

85 2682 203 2725 orbem]
228 2685 293 2715 Vix
308 2688 412 2717 credas
426 2690 525 2727 quam
540 2690 651 2718 multis
662 2689 715 2718 hic
727 2688 828 2726 locus,
843 2689 871 2718 <Sc
887 2690 923 2718 in

86 2725 187 2765 quam
201 2728 321 2758 multos
333 2739 444 2760 sensus
459 2739 596 2762 versatus
611 2738 668 2762 est.
713 2730 752 2761 In
769 2736 815 2761 tot
825 2732 923 2771 igitur

87 2772 114 2798 ὅ(
127 2776 191 2800 tam
204 2771 357 2802 variarum
369 2773 545 2804 lectionum
555 2775 923 2814 interpretationumque

86 2812 205 2844 lubrico
221 2815 291 2853 quis
308 2815 424 2853 pedem
437 2817 532 2855 figat?
558 2819 629 2847 Imo
645 2818 717 2857 quis
738 2818 809 2857 ipso
824 2818 921 2847 lubri-

84 2864 178 2886 cante
206 2857 360 2888 Juvenali
389 2868 456 2887 non
484 2862 628 2898 caespitet
655 2866 754 2899 atque
779 2860 920 2890 titubet?

86 2898 195 2929 Firmo
210 2907 318 2932 tamen
336 2907 517 2940 utcumque.
532 2908 613 2931 stare
629 2903 762 2942 vestigio
777 2903 860 2933 mihi
877 2904 920 2932 vi-

85 2943 172 2981 deor,
200 2945 434 2983 antiquioribus
462 2946 595 2983 stando3
634 2946 807 2984 praesertim
846 2947 920 2976 cum

84 2995 214 3016 sensum
233 2997 299 3017 non
315 2987 405 3017 valde
423 2988 542 3026 juvent
562 2997 633 3027 quae
661 2989 679 3016 a
700 2989 772 3017 viris
797 2990 921 3027 alioqui

84 3030 278 3067 gravioribus
295 3030 417 3060 erudite
434 3032 643 3069 certatimque
664 3030 716 3060 hie
730 3030 918 3061 afferuntur.

83 3069 335 3104 Emendationes
359 3075 387 3105 <Sc
412 3075 610 3113 conjecturas
636 3082 703 3105 non
726 3075 920 3113 spernimus,

970 1185 1003 1208 at
1019 1189 1131 1209 eorum
1151 1188 1229 1218 pace
1247 1178 1274 1208 ὃ(
1291 1177 1397 1216 veni-21,
1421 1177 1660 1217 posthabemus.
1691 1178 1806 1209 Justus

972 1222 1100 1261 Lipsius
1128 1222 1228 1261 Epist.
1252 1220 1375 1254 Qua-st.
1395 1222 1446 1251 lib.
1463 1223 1492 1250 4.
1506 1221 1606 1259 Epist.
1621 1222 1673 1250 25.
1689 1221 1808 1252 fatetur

970 1266 1116 1304 scriptam
1131 1274 1264 1295 omnem
1278 1266 1305 1294 δέ
1322 1266 1507 1303 impressam
1524 1264 1701 1302 antiquitus
1717 1265 1807 1295 lecti-

969 1319 1068 1338 onem
1085 1318 1164 1345 esse,
1180 1309 1241 1344 vel,
1253 1308 1431 1346 pitysmate,
1448 1308 1510 1344 vel,
1543 1307 1696 1346 ytismate.
1734 1307 1807 1338 Hoc

970 1361 1030 1390 ego
1048 1352 1150 1381 Divaei
1166 1352 1354 1389 amplector,
1369 1360 1446 1380 cum
1464 1350 1661 1380 Mancinello
1678 1350 1705 1379 &
1723 1351 1807 1389 aliis,

969 1395 1151 1434 pariterque
1179 1394 1309 1432 explico
1339 1393 1384 1422 sic
1399 1406 1405 1422 :
1449 1392 1615 1422 Gaditanis
1651 1392 1804 1423 illecebris

968 1438 1104 1474 gaudeat
1119 1447 1155 1467 ac
1170 1436 1292 1466 fruatur
1307 1436 1392 1465 dives
1409 1437 1496 1473 licet,
1511 1436 1564 1473 qui
1575 1435 1743 1473 pytismate
1757 1435 1805 1466 lu·

966 1480 1064 1509 bric-at
1079 1481 1177 1509 orbem
1194 1479 1477 1514 Lacedaemoniwn5
1500 1479 1530 1507 id
1555 1485 1613 1515 est,
1636 1479 1693 1516 qui
1708 1487 1804 1517 sputo

968 1524 1097 1554 irrorans
1112 1524 1262 1563 digitum,
1287 1522 1378 1552 facile
1403 1522 1478 1551 inde
1493 1528 1621 1551 amovet
1644 1522 1758 1559 saepifis
1774 1524 1802 1552 ὃς

968 1566 1117 1596 admovet
1141 1567 1194 1606 (ad
1219 1564 1486 1603 ostentationem)
1509 1574 1604 1594 suum
1631 1565 1805 1603 annulum,

968 1611 1019 1648 cuj
1027 1619 1062 1639 us
1089 1610 1106 1638 a
1132 1608 1381 1638 Lacedaemoniis
1405 1618 1482 1637 usus
1505 1607 1676 1636 emanavit.
1722 1607 1804 1638 Tur-

968 1654 1042 1682 ueb.
1058 1653 1112 1682 lib.
1130 1654 1181 1682 24.
1198 1662 1225 1681 c.
1244 1652 1295 1680 28.
1312 1651 1457 1680 similiter
1471 1650 1559 1689 legit,
1585 1654 1618 1679 at
1639 1650 1727 1679 aliter
1743 1660 1804 1681 ex-

968 1696 1077 1733 plicat,
1094 1705 1166 1724 nem
1175 1695 1224 1732 pe,
1240 1694 1297 1733 qui
1312 1699 1408 1732 sputo
1425 1696 1453 1723 &
1472 1692 1569 1723 saliva
1595 1693 1696 1732 magis
1712 1694 1803 1723 volu·

968 1739 1064 1769 bilem
1092 1738 1192 1768 reddit
1213 1737 1375 1773 trochum,
1398 1737 1515 1766 ludum
1538 1736 1622 1765 certe
1643 1737 1804 1767 Graecani-

968 1791 1056 1812 cum.
1114 1781 1218 1818 Valla,
1248 1780 1426 1819 pitysmate,
1456 1780 1552 1819 legit,
1591 1780 1701 1818 aitque
1737 1788 1805 1809 esse

967 1826 1118 1854 trochum
1134 1824 1151 1853 ὲ
1169 1825 1262 1863 pinu,
1279 1823 1378 1861 graece
1401 1822 1499 1856 πῖτυς.
1545 1822 1638 1852 Unde
1656 1821 1805 1860 pytisma,

968 1868 1116 1898 Politian.
1130 1867 1333 1906 pitylismate,
1350 1867 1437 1906 quod
1455 1875 1557 1906 genus
1571 1870 1635 1894 erat
1650 1865 1804 1895 exercita-

968 1912 1062 1941 tionis
1075 1920 1151 1940 cum
1163 1909 1404 1950 gesticulatione
1422 1917 1579 1939 manuum
1593 1917 1629 1937 ac
1641 1907 1760 1946 pedum
1772 1909 1801 1937 δε

968 1954 1199 1993 complosione.
1222 1952 1386 1990 Brodaeus,
1399 1953 1568 1990 pedemate,
1586 1950 1615 1980 id
1632 1957 1691 1987 est,
1707 1950 1803 1989 saltu,

967 1997 1002 2026 in
1019 1997 1157 2035 tripudio
1170 2005 1227 2025 seu
1243 1995 1410 2025 saltatione
1427 1994 1668 2024 Lacedaemonia
1691 1994 1724 2022 in
1749 2002 1801 2023 or-

967 2039 1042 2069 bem
1059 2040 1124 2069 fieri
1135 2039 1238 2069 solita,
1282 2037 1368 2067 Vide
1383 2038 1464 2067 Coel.
1482 2037 1616 2077 Rhodig.
1634 2036 1689 2065 lib.
1710 2035 1759 2065 18.
1773 2047 1801 2066 c.

971 2084 999 2112 1.
1044 2083 1189 2112 Alciatus
1207 2082 1234 2110 ὃς
1252 2080 1399 2110 Pulman.
1416 2080 1618 2119 Pyreismate,
1642 2080 1670 2108 ἃ*
1699 2080 1803 2117 expli-

967 2132 1040 2156 cant
1057 2125 1095 2154 de
1118 2124 1255 2164 quadam
1276 2124 1445 2154 Laconum
1462 2123 1704 2159 exercitatione,
1729 2130 1802 2160 quae

968 2169 984 2196 a
998 2168 1090 2199 nudis
1106 2169 1246 2206 oleoque
1262 2166 1344 2197 bene
1359 2168 1463 2197 unctis
1477 2166 1575 2196 fiebat
1588 2167 1621 2196 in
1633 2165 1802 2196 sudatorio.

968 2211 1115 2241 Muretus
1132 2211 1338 2247 Petteumate,
1364 2210 1381 2239 a
1403 2205 1502 2243 πετἹὸς
1517 2210 1611 2247 talus,
1637 2207 1802 2248 iutelligit-

969 2264 1034 2293 que
1057 2254 1188 2284 divitem
1212 2254 1289 2284 aleae
1305 2253 1466 2291 deditum,
1490 2252 1548 2292 qui
1571 2252 1640 2282 talis
1662 2251 1746 2281 ludit
1768 2251 1802 2281 in

968 2307 1078 2328 mensa
1094 2297 1229 2328 rotunda
1246 2297 1262 2326 ὲ
1279 2306 1435 2326 marmore
1448 2293 1693 2326 Lacedaemonio
1706 2294 1799 2323 facta.

967 2341 1066 2371 Favet
1082 2340 1169 2380 quod
1186 2341 1331 2378 sequitur
1344 2349 1436 2377 mox,
1451 2338 1522 2368 alea
1536 2337 1640 2376 turpis.
1668 2336 1801 2366 Mallem

966 2384 1050 2415 certe
1066 2394 1144 2414 cum
1158 2383 1257 2413 veteri
1281 2382 1389 2412 Schol.
1407 2382 1581 2420 intelligere
1595 2379 1726 2409 divitem
1743 2379 1802 2417 qul

968 2428 1085 2467 expuit
1111 2436 1206 2466 supra
1233 2434 1371 2456 marmor
1408 2423 1704 2459 Lacedaemonium,
1734 2430 1801 2460 quo

967 2476 1101 2501 stratum
1117 2476 1164 2499 est
1176 2470 1245 2507 ejus
1259 2468 1373 2498 domas
1389 2468 1624 2506 pavimentum,
1648 2465 1676 2494 &
1690 2464 1734 2493 sic
1751 2465 1801 2493 lu-

967 2514 1090 2544 bricum
1110 2512 1221 2543 reddit.
1265 2512 1340 2542 Non
1361 2511 1484 2541 abludit
1507 2508 1690 2545 Salmasius,
1713 2506 1802 2545 apud

968 2567 1082 2596 quem,
1098 2556 1252 2586 lubricare
1268 2554 1551 2585 Lacedaemonium
1563 2551 1671 2581 orbem
1685 2551 1800 2580 dicitur

967 2600 991 2629 is
1010 2601 1193 2640 pytismate,
1221 2599 1280 2639 qui
1303 2596 1499 2638 pytissando,
1515 2595 1545 2624 id
1562 2600 1621 2631 est,
1645 2593 1802 2633 gustando

965 2644 1079 2673 vinum
1093 2652 1169 2672 cum
1188 2642 1380 2681 probatione
1393 2639 1545 2679 quadam,
1561 2638 1587 2666 δί
1603 2646 1681 2666 mox
1697 2646 1802 2674 expu-

967 2686 1062 2724 endo,
1079 2686 1191 2716 crebris
1207 2685 1366 2722 ejusmodi
1390 2681 1616 2720 rejectionibus
1641 2681 1669 2709 δι
1693 2678 1800 2709 effusi-

966 2730 1081 2759 onibus
1098 2728 1160 2758 uda
1176 2728 1250 2758 facit
1268 2729 1295 2757 δέ
1313 2727 1433 2756 lubrica
1448 2730 1521 2755 tum
1545 2732 1670 2753 mensas
1690 2729 1800 2752 rotun-

966 2773 1019 2802 das
1034 2772 1052 2802 ὲ
1069 2780 1226 2802 marmore
1251 2769 1504 2805 Lacedaemonio,
1532 2774 1603 2797 tum
1619 2766 1753 2795 abacum
1770 2766 1801 2795 sc

965 2816 1202 2854 pavimentum.
1246 2813 1321 2843 Nou
1355 2822 1459 2842 moror
1490 2819 1658 2849 poppysma
1688 2808 1802 2846 Flavii,

964 2865 1023 2888 aut
1040 2858 1185 2897 Lipsium
1212 2865 1287 2887 cum
1310 2864 1368 2885 suo
1390 2854 1594 2894 pygismate;
1616 2852 1696 2881 absit
1712 2851 1801 2881 enim

965 2907 1001 2930 ut
1017 2902 1167 2931 obscoena
1181 2899 1399 2930 comminiscar
1424 2898 1519 2935 ultro,
1544 2896 1601 2935 qui
1626 2895 1674 2924 vel
1690 2903 1802 2924 occur·

965 2945 1066 2974 rentia
1079 2944 1190 2974 solitus
1206 2952 1278 2972 sum
1294 2940 1436 2971 eluctari.

1011 2989 1083 3018 174.
1108 2986 1249 3015 Furtunoe
1270 2984 1388 3013 veniam
1405 2983 1525 3022 damus]
1548 2980 1734 3012 Luxuriosa
1748 2977 1801 3008 illa

965 3031 998 3060 in
1011 3030 1162 3059 divitibus
1175 3029 1280 3058 solent
1291 3028 1414 3057 tolerari
1428 3039 1433 3056 :
1459 3034 1491 3056 at
1507 3027 1581 3065 quis
1596 3023 1705 3054 eadem
1722 3021 1800 3052 ferat

965 3075 996 3103 in
1015 3072 1166 3104 mediocri
1182 3069 1269 3102 viro?
1294 3069 1347 3100 Ex
1365 3070 1517 3110 opinione
1533 3069 1627 3107 vulgi.
