1934 3227
689 69 1267 123 PRAEFATIO.

187 198 432 271 numquid
482 198 627 251 valde
673 197 850 249 mundi
897 216 997 248 esse
1035 196 1244 266 possint,
1287 213 1407 265 quos
1450 194 1573 250 adeo
1611 196 1753 267 juvat

188 299 448 351 immunda
473 305 774 349 contrectare
798 294 950 357 ultre),
991 295 1041 345 δι
1080 293 1131 345 in
1166 311 1366 345 omnem
1407 301 1601 362 partem
1641 313 1750 347 ver-

188 394 330 447 sare?
398 394 480 445 Ne
523 393 599 443 illi
639 391 914 444 auscultent
952 389 1114 441 mihi:
1167 398 1217 440 at
1256 388 1464 440 audiant
1496 389 1750 442 literarum

186 491 333 542 decus
370 510 425 542 ac
466 491 635 543 lumen
673 490 776 542 Jul.
802 487 1112 557 Scaligerum
1148 486 1291 538 Po‘et.
1320 485 1410 537 lib.
1441 486 1494 549 3,
1522 505 1633 556 cap.
1661 486 1750 539 98.

185 587 257 639 ita
284 587 578 640 scribentem
608 606 619 637 ε

256 769 313 819 F
310 769 537 820 oedt'lates
583 783 713 817 nemo
763 764 913 815 bonns
958 764 1201 813 nominare
1246 762 1412 824 debet,
1464 764 1636 814 nedum
1698 773 1751 815 ut

183 864 347 916 literis
373 863 580 914 mandet.
662 861 797 927 Quid
816 861 941 911 enim
965 861 1154 931 cogitet
1179 859 1481 920 adolescens,
1521 862 1612 929 qni
1642 877 1752 911 cer-

181 966 337 1009 tarum
378 962 585 1030 ignarus
630 955 1015 1017 obseoenitatnm,
1054 955 1227 1006 audiat
1266 953 1425 1005 verba
1468 962 1554 1005 ant
1598 974 1749 1007 voea-

180 1055 298 1106 bula
323 1063 418 1106 tam
442 1055 658 1125 nefanda
681 1055 708 1106 ‚9
750 1052 898 1121 Quom
922 1059 1180 1104 monstroso
1206 1059 1318 1103 sunt
1343 1053 1546 1123 ingenio
1573 1054 1632 1114 ii,
1665 1054 1755 1123 qni

181 1171 242 1203 ea
280 1155 482 1224 scriptis
521 1155 623 1204 suis
661 1152 844 1203 audent
868 1152 1088 1201 inserere
1111 1150 1138 1199 52
1178 1149 1322 1201 Malo
1349 1150 1511 1220 igitur
1535 1167 1630 1199 non
1671 1167 1751 1199 re-

170 1248 490 1321 prehendere
510 1251 642 1300 vitia
661 1249 970 1308 detestanda,
993 1247 1132 1317 quom
1157 1247 1210 1296 in
1229 1246 1517 1296 execranda
1535 1247 1755 1296 oratione

182 1347 361 1395 mereri
378 1346 813 1416 reprehensionem.

547 1471 696 1481 ——-
902 1441 1038 1506 Quid
1075 1440 1198 1490 enim
1242 1440 1421 1489 tetrius
1464 1434 1751 1507 quibusdam

185 1535 424 1587 Versibus
471 1535 514 1588 J
510 1537 759 1599 uvenalis,
786 1540 1004 1608 propter
1052 1553 1247 1606 quornm
1294 1533 1619 1594 insolentiam,
1665 1531 1760 1582 vel

168 1628 409 1704 jusserim
454 1632 544 1683 vel
575 1631 779 1703 ofildrim
823 1638 919 1682 toto
963 1635 1111 1702 opere
1151 1628 1402 1681 abstinere
1440 1630 1602 1680 virum
1629 1633 1753 1698 [tro-

186 1727 296 1778 bum
314 1728 341 1775 :2

185 1823 316 1874 Sunt
353 1822 475 1872 vero
509 1821 762 1892 inculpata
797 1821 1011 1891 quaedam
1050 1828 1356 1889 argumenta,
1386 1822 1439 1871 in
1463 1818 1642 1890 quibus
1666 1792 1761 1872 hoc?

169 1919 414 1991 poematis
432 1935 625 1988 genere
651 1915 900 1967 oblectare
916 1917 1083 1987 [lossis
1110 1916 1255 1965 etiam
1282 1923 1421 1966 casta
1450 1916 1676 1984 ingenia.

264 2098 392 2148 Haec
427 2096 531 2159 ille,
568 2104 626 2147 ut
658 2104 831 2147 caetera
871 2094 1075 2164 quidem
1111 2093 1303 2156 omnia,
1341 2094 1560 2165 egregie.
1626 2093 1755 2145 Qui-

190 2197 286 2246 bus
331 2211 394 2244 ex
439 2192 608 2245 animo
653 2211 741 2244 nos
787 2210 977 2244 morem
1028 2191 1290 2262 gessimuS‚
1334 2200 1391 2243 ut
1430 2209 1517 2260 per
1563 2198 1637 2241 tot
1682 2189 1759 2241 in-

190 2290 356 2360 signia
376 2308 572 2342 morum
599 2289 918 2352 documenta,
947 2308 1057 2358 quae
1079 2288 1263 2359 passim
1293 2288 1427 2358 apud
1454 2288 1482 2338 J
1488 2286 1754 2338 uvenalem

188 2388 242 2438 ὅτ
284 2386 507 2438 Persium
546 2396 828 2449 occurrunt,
866 2386 935 2438 ire
974 2386 1179 2455 quisque
1219 2385 1450 2455 deinceps
1488 2392 1637 2452 queat
1675 2383 1754 2434 in·-

187 2483 377 2541 offenso
415 2482 542 2552 pede
583 2501 641 2534 ac
674 2491 858 2534 mente.
937 2482 1034 2535 His
1079 2483 1237 2534 fruere
1279 2482 1385 2544 diu,
1423 2480 1640 2531 Lector:
1697 2498 1755 2531 ac

188 2579 229 2632 si
268 2578 391 2648 quid
430 2578 558 2630 forte
603 2597 692 2629 nos
737 2583 930 2641 errasse,
973 2588 1030 2630 ut
1074 2579 1173 2630 fere
1221 2578 1301 2641 sit,
1360 2574 1754 2637 animadvertis;

190 2674 361 2727 statim
398 2673 668 2737 recordare,
712 2678 802 2727 sub
847 2675 976 2727 coelo
1029 2676 1158 2727 nihil
1193 2693 1292 2727 esse
1335 2691 1397 2724 ex
1430 2671 1571 2724 omni
1615 2678 1755 2741 parte

190 2770 415 2822 beatum.
493 2769 641 2823 Vale.
737 2771 829 2833 At,
877 2779 963 2832 at3
1034 2769 1241 2822 subsiste
1290 2767 1560 2838 paulisper,
1609 2776 1756 2836 atque

192 2864 254 2916 de
280 2864 518 2937 Satyricis
554 2867 606 2917 82
649 2865 812 2918 Satira
850 2884 1011 2936 pauca
1050 2866 1226 2918 saltem
1266 2863 1454 2934 accipe,
1495 2863 1522 2910 ὲ
1551 2861 1758 2916 Quinti-

198 2958 336 3013 liano
360 2960 454 3014 lib.
481 2961 564 3013 10.
593 2979 704 3032 cap.
736 2963 782 3014 l.
