1948 3281
614 57 949 103 JUVENALIS
982 57 1197 101 SATIRA
1227 59 1285 101 X.

1739 65 1810 109 191

109 151 317 202 Portante,
339 164 385 192 ac
406 148 570 206 reliquis
592 148 760 191 fratrum
784 150 1020 200 cervicibus,
1053 149 1155 191 inter
1213 150 1456 191 260smt1ihus
1468 153 1623 190 feretrum
1648 153 1726 185 collo
1746 167 1818 198 ges,

113 210 286 250 Iliadum
311 208 522 262 lacrymas,
555 216 598 247 ut
621 206 771 262 primos
794 207 907 248 edere
930 207 1113 262 planctus

111 265 338 308 Cassandra
361 264 567 319 inciperet,
593 263 799 320 scissaque
824 264 1026 320 Polyxena
1048 263 1151 319 palla
1168 279 1180 303 :

110 323 153 364 Si
175 323 278 364 foret
299 321 500 362 extinctus
523 321 678 362 diverso
702 332 895 376 tempore,
928 336 1010 377 quo
1027 320 1113 377 jam

111 379 303 433 Coeperat
319 379 488 420 audaces
515 378 618 419 Paris
641 378 837 421 aedificarc
859 379 1028 420 carinas.

1312 194 1456 233 tantibue,
1485 195 1564 225 inter
1584 197 1680 231 fletus·
1709 199 1815 239 Troja-

1310 246 1430 275 mzrum,
1445 239 1487 268 ita
1502 242 1535 268 ut
1551 238 1720 270 Cassandra
1731 243 1818 280 prior

1310 282 1518 318 auspicaretur
1573 282 1815 315 lamentationem

1299 321 1422 359 facere,
1445 325 1467 361 ξ·
1496 322 1653 362 Polyxena
1679 324 1817 364 disrupto

1309 363 1489 405 chlamyde,·
1524 366 1551 395 si
1581 369 1717 397 mortuus
1741 374 1817 399 esset

1309 406 1371 436 alio
1396 412 1536 447 tempore,
1559 409 1624 438 crim
1640 408 1732 439 Paris
1746 411 1817 449 jam.

109 437 255 492 Longa
276 435 360 478 dies
384 435 623 499 igitur-quid
647 435 820 476 contulit
838 437 850 476 ?
886 435 1039 477 Omnia
1060 434 1160 477 vidit
1214 435 1293 476 265
1310 450 1750 490 incoeperacfahricarenaves
1761 463 1817 493 ge-

108 494 274 543 Eversa,
309 493 346 533 &
369 493 546 534 flammis
567 493 711 534 Asiam
733 493 918 548 ferroque
940 493 1167 534 cadentem.

107 549 227 590 Tunc
245 550 361 591 miles
384 550 578 591 tremulus
602 550 734 605 posita
754 550 844 591 tulit
866 565 975 591 arma
999 549 1111 601 tiara,

106 606 161 648 Et
182 607 261 648 ruit
282 619 374 648 aute
391 621 498 648 aram
522 607 673 648 summi
695 607 824 657 JoviS,
848 617 892 648 ut
915 607 1071 649 vetulus
1094 607 1182 658 bos,

109 663 194 721 Qui
218 664 374 705 domini
397 664 536 705 cultris
561 674 679 704 tenue
703 664 741 705 ὃς
763 663 987 705 miserabile
1010 663 1164 704 collum

111 721 280 771 Praebet,
313 721 361 762 ab
384 721 539 777 ingrato
561 720 648 776 jam
673 719 873 761 fastiditus
896 731 1040 761 aratro.

107 778 253 819 Exitus
276 778 340 819 illc
363 787 585 832 utcumque
607 776 814 818 hominist
848 777 916 818 sed
939 785 1051 819 torva
1071 775 1218 819 canino

108 835 287 876 Latravit
309 836 426 885 rictu,
459 849 551 889 quae
575 843 665 887 post
687 834 798 875 hunc
821 833 971 875 vixerat
994 848 1110 876 uxor.

66 914 69 917 «
110 892 275 933 Festino
297 892 345 933 ad
368 901 543 941 nostros,
579 890 618 932 aa
639 905 773 946 regem
797 900 955 932 transeo
980 891 1118 942 Ponti,

108 950 162 990 Et
185 949 394 999 Croesum,
426 963 548 1004 quem
572 963 650 989 vox
667 948 768 1003 justi
791 948 966 990 facunda
988 948 1152 990 Solonis

109 1004 320 1059 Respicere
343 1006 389 1046 ad
408 1005 541 1061 longae
557 1004 681 1061 jussit
704 1005 830 1060 spatia
852 1005 997 1047 ultima
1019 1005 1127 1048 vitae.

108 1062 306 1114 Exilium,
343 1063 382 1103 Sc
402 1078 534 1104 carcer
555 1062 947 1119 Minturnarumque
970 1063 1152 1119 paludes,

1309 503 1439 524 net-osas.
1482 493 1592 523 AEvum
1615 504 1685 533 ergo
1701 495 1818 526 diutur-

1310 545 1379 565 num
1402 537 1477 576 quid
1490 536 1662 576 praestitit?
1687 539 1819 577 Aspeoeib

1310 583 1420 609 cuncta
1437 580 1620 618 disturbata,
1642 584 1733 619 atque
1747 582 1818 611 Asi·

1310 631 1358 651 am
1383 623 1454 663 igne
1480 623 1502 660 ξς
1526 623 1617 652 armis
1638 623 1817 654 subversam.

1314 663 1387 693 Tum
1402 664 1488 695 miles
1500 666 1634 696 titubans
1647 675 1733 695 arma
1744 676 1817 705 por-

1215 720 1298 761 2—0
1310 709 1388 736 tavit
1401 708 1520 746 abjecto
1543 709 1634 747 pileo,
1656 718 1693 738 oc
1708 710 1820 740 cecidit

1246 738 1260 766 Ι
1310 750 1352 778 ad
1376 749 1475 779 altare
1489 751 1620 789 supremi
1633 750 1732 789 Jovis,
1747 755 1817 782 tan-

1310 803 1400 831 quam
1416 793 1466 822 bos
1476 803 1619 831 annosus,
1642 794 1695 833 qui
1709 794 1747 825 ab
1761 794 1818 824 im-

1310 836 1431 865 memori
1451 835 1522 874 jam
1545 840 1647 866 aratro
1671 841 1820 877 contemp·

1313 882 1362 908 tus
1386 879 1527 908 cervicem
1553 879 1659 910 exilem
1684 882 1706 920 «ξς
1722 881 1819 918 infor·

1314 924 1453 951 lunatam
1488 922 1542 951 dat
1579 921 1645 952 heri
1687 922 1817 963 gladiis.

1313 963 1427 1003 Atque
1454 963 1512 993 iste
1537 965 1669 1003 quidem
1694 964 1823 996 hominis

1219 1006 1298 1051 275
1313 1007 1526 1045 quodammodo
1527 1006 1604 1044 finis
1614 1013 1680 1047 est3
1703 1012 1738 1037 at
1751 1019 1820 1038 con·

1305 1050 1380 1088 jux,
1403 1060 1468 1089 quae
1482 1054 1631 1089 superstes
1655 1050 1683 1080 ei
1695 1050 1821 1091 suerat,

1313 1092 1393 1122 rictu
1420 1092 1528 1122 canino
1565 1092 1737 1124 truculenta
1773 1095 1819 1124 Ia·

110 1136 213 1166 travit.
257 1135 391 1175 Propero
405 1138 446 1167 ad
461 1139 620 1174 nostrates,
643 1145 679 1165 ac
690 1136 888 1174 praeterms'tto
904 1136 1018 1177 Regem
1030 1135 1135 1175 Ponti,
1158 1137 1181 1173 ‹S-
1198 1134 1342 1173 Craesum,
1365 1145 1451 1174 quem
1467 1135 1545 1173 oequi
1557 1135 1674 1166 Solonis
1689 1136 1821 1167 disertus

108 1189 203 1208 sermo
211 1180 354 1218 praecepe't
370 1180 524 1209 attendere
539 1180 581 1208 ad
595 1181 728 1209 extrema
750 1183 882 1218 tempora
895 1179 951 1209 aet-t'
966 1180 1116 1211 diuturni.
1159 1178 1254 1210 Illinc
1273 1178 1451 1217 prodierunt
1467 1177 1602 1218 exilium,
1625 1181 1647 1219 ‹3-
1661 1180 1816 1218 custodia,

110 1224 134 1260 ‘S‘
146 1224 240 1261 palus
253 1221 487 1260 ΠΙίηῙανηεηείε,

110 1372 208 1402 quam
226 1364 395 1403 expiraret,
418 1364 569 1404 praecepit
593 1364 664 1394 filiis
681 1363 764 1394 lecto
780 1373 814 1393 se
829 1370 939 1402 strato,

108 1407 178 1436 siue
194 1407 298 1437 linteis
323 1408 392 1437 sine
421 1416 562 1447 purpura
578 1406 735 1437 efferrent.
782 1407 864 1437 Plin.
882 1407 937 1437 lib.

108 1450 138 1480 7.
163 1459 232 1489 cap.
251 1452 302 1480 44.
350 1450 456 1484 Quint.
482 1449 632 1480 Metellus
647 1450 875 1487 Macedonicus,
890 1451 938 1481 in-

109 1493 192 1530 quit,
216 1497 345 1531 quatuor
359 1493 441 1530 filiis
464 1493 569 1522 illatus
594 1503 666 1533 rogo
693 1496 749 1528 est,
773 1502 830 1521 uno
853 1493 938 1523 Proe·

108 1538 186 1572 tore,
210 1535 301 1565 tribus
316 1535 536 1575 consularibus,
564 1535 677 1566 duobus
693 1535 938 1574 triumplialibus,

108 1586 166 1605 ww
182 1577 330 1609 Censorio.

151 1621 226 1650 2⁶31.
256 1619 297 1650 Ut
315 1623 428 1660 primos
453 1622 539 1651 edere
559 1623 713 1661 planctus,
737 1620 805 1663 850]
841 1621 940 1655 Quasi

109 1663 241 1701 praefica.
294 1663 377 1695 Nam
404 1665 659 1694 conducebantur
685 1666 762 1695 olim
791 1666 939 1696 mulieres

109 1705 152 1735 ita
168 1706 271 1745 dictae,
288 1716 359 1746 quae
378 1708 503 1737 luctum
520 1708 649 1737 ederent
665 1708 697 1737 in
712 1708 889 1746 funeribus,
901 1718 937 1739 ac

109 1750 228 1780 caeteris
244 1750 379 1780 modum
398 1750 569 1789 plangendi
585 1750 622 1779 da
630 1757 708 1779 rent.
755 1750 874 1780 Festus.

151 1792 223 1822 962.
251 1793 438 1830 Cassandra]
470 1793 584 1822 Priami
603 1792 666 1822 filia
681 1792 784 1830 Trojae
812 1794 936 1824 ruinam

108 1835 286 1874 vaticinata,
310 1836 391 1867 hauc
407 1836 445 1865 ab
462 1836 614 1874 Apolline
628 1835 811 1866 facultatem
838 1836 938 1866 incas-

107 1876 177 1906 sum
191 1878 315 1918 adepta.

149 1919 307 1960 scissaque
322 1921 480 1961 Polyxena
491 1920 592 1959 palm]
630 1920 712 1951 Filia
729 1921 805 1951 item
822 1921 935 1952 Priami

107 1963 207 1994 scissis
223 1965 364 1996 vestibus
378 1975 419 1994 ex
435 1966 569 2003 antiquo
587 1973 675 1994 more
690 1964 832 1994 dolorem
846 1965 932 1994 testi-

106 2005 206 2036 ficata.

148 2049 222 2081 263.
261 2051 400 2089 Tempore
422 2061 492 2089 quo,
515 2050 579 2089 ἐξα]
614 2049 697 2079 Cum
726 2049 810 2079 Paris
839 2059 934 2080 naves

107 2090 212 2121 adhuc
228 2093 405 2129 aedificaret,
429 2095 545 2132 quibus
573 2094 605 2122 in
629 2093 786 2122 Graeciam
803 2094 934 2122 veniens

106 2132 249 2164 Menelai
264 2135 416 2174 Principis
443 2144 580 2166 uxorem
609 2135 770 2165 Helenam
797 2134 814 2164 ὲ
836 2135 934 2166 domo

106 2176 162 2206 viri
177 2178 210 2207 in
224 2177 383 2208 Troadem
401 2179 523 2217 rapuit:
549 2177 634 2217 quod
663 2183 710 2207 tot
736 2178 823 2208 bellis
840 2188 929 2208 occa-

105 2217 228 2250 sionem
255 2221 460 2260 Trojanoque
484 2221 610 2250 excidio
638 2219 753 2249 deinde
783 2221 929 2260 praebuit.

104 2262 188 2294 Vide
205 2262 280 2293 Hor.
299 2264 353 2293 lib.
373 2267 400 2293 t.
423 2263 494 2293 Ode
511 2265 558 2292 15.
573 2264 631 2292 δίε.

145 2306 221 2337 266.
242 2306 361 2345 Asiam]
384 2307 514 2344 Trojam
536 2316 571 2336 ac
584 2305 736 2336 Troadem
761 2315 831 2344 quae
858 2315 928 2345 pars

103 2354 150 2379 est
164 2351 248 2380 Asiae
267 2351 405 2380 minoris.

144 2393 218 2425 267.
248 2393 329 2423 Tunc
341 2392 424 2422 miles
439 2392 594 2431 tremulus]
617 2392 706 2421 Tum
723 2391 868 2422 Priamus
882 2402 927 2422 se-

103 2435 158 2465 nio
183 2444 321 2467 tremens
347 2443 476 2466 coactus
492 2443 539 2466 est
561 2445 648 2465 arma
662 2435 804 2471 induere,
826 2436 864 2464 ad
883 2445 927 2465 re-

102 2481 315 2518 pugnandum
343 2479 459 2509 Graecis
486 2478 648 2508 Helenam
666 2478 881 2517 repetentibus
898 2480 926 2508 ἃ

103 2520 252 2558 injuriam
267 2523 502 2553 ulciscentibus.

149 2563 256 2604 Τὶανᾶ]
288 2565 377 2596 Pileo
392 2566 426 2595 iu
443 2574 520 2604 pace
537 2565 663 2594 usitato.
709 2563 795 2592 Vide
812 2563 876 2593 Sat.
894 2564 926 2594 6.

102 2605 141 2635 ad
156 2617 218 2637 ver.
238 2609 309 2638 515.
324 2615 474 2639 annotata
489 2609 522 2638 in
535 2608 631 2637 simili
646 2616 733 2636 voce.

144 2650 218 2681 268.
252 2649 327 2681 Ruit
341 2655 413 2681 ante
427 2662 511 2680 aram
523 2650 627 2680 summi
641 2649 739 2687 Jot'e's]
774 2648 924 2680 Trucida-

103 2694 155 2721 tus
170 2692 187 2720 ὲ
200 2693 319 2732 Pyrrho
336 2701 410 2724 ante
424 2705 508 2724 aram
526 2694 614 2723 Jovis
629 2692 755 2721 Hercei.

143 2735 217 2765 270.
250 2736 298 2765 Ab
312 2737 432 2776 ingrato
451 2735 695 2776 jamfasticlitus·
709 2735 825 2773 aratro]
862 2735 923 2765 Bos

98 2776 165 2813 jam
182 2778 299 2808 arando
311 2779 351 2808 ob
367 2781 491 2810 senium
511 2780 630 2809 inutilis
647 2784 802 2807 mactatur
816 2778 855 2807 ab
872 2778 922 2808 in-

101 2825 188 2858 grato
201 2821 334 2861 agricola
346 2826 394 2851 tot
408 2824 474 2860 ejus
490 2823 634 2852 laborum
649 2821 837 2850 immemori,

143 2864 217 2893 271.
256 2863 371 2893 Canino
385 2864 510 2894 latravit
526 2865 620 2903 rictu]
658 2864 806 2899 Hecuba,
825 2873 923 2902 quam

101 2904 285 2936 fabulantur
299 2916 419 2936 versam
436 2908 468 2936 in
482 2918 593 2938 canem
607 2920 612 2936 :
650 2917 687 2936 eo
703 2906 787 2945 quod
807 2907 924 2944 percita

100 2947 207 2978 dolore
223 2949 256 2979 iu
280 2949 463 2979 Graecorum
481 2952 612 2980 obvium
629 2959 794 2988 quemque
810 2949 921 2978 debac-

99 2991 257 3029 charetur,
280 2999 378 3030 atque
404 2993 535 3031 dicteriis
561 2994 694 3022 lacerare
723 2994 749 3021 &
779 2993 922 3021 allatrare

98 3033 199 3068 veluti
233 3035 457 3066 consuevisset.
516 3035 595 3065 Vide
626 3036 730 3066 Plaut.
760 3034 921 3066 Menaech.

982 1372 1025 1393 sc.
1056 1364 1105 1394 14.
1146 1363 1242 1394 Ovid.
1272 1363 1406 1394 Metam.
1436 1365 1485 1396 13.
1524 1363 1624 1395 Cicer.
1655 1362 1758 1395 Tusc·
1785 1366 1816 1396 3.

984 1416 1015 1437 n.
1036 1407 1086 1437 63.

1025 1450 1098 1480 273.
1126 1449 1249 1480 Festino
1262 1451 1304 1480 ad
1318 1448 1449 1487 nostros]
1486 1448 1630 1480 Festinat
1655 1451 1754 1482 oratio
1778 1452 1817 1482 ad

983 1494 1136 1532 exempla
1153 1492 1386 1531 Romanorum,
1412 1492 1531 1532 quibus
1546 1492 1642 1533 longa
1656 1493 1721 1523 vita
1736 1496 1818 1535 pari-

982 1541 1029 1566 ter
1049 1545 1209 1566 aerumnas
1225 1537 1343 1566 attulit.

1026 1579 1142 1620 Regem
1157 1578 1269 1617 Ponti]
1285 1578 1507 1608 Mithridatem
1525 1583 1572 1608 tot
1588 1583 1820 1621 tantarumque

981 1623 1127 1661 gentium
1144 1622 1338 1661 Principem,
1352 1626 1389 1651 ut
1401 1622 1491 1652 annis
1508 1621 1717 1661 quadraginta
1732 1633 1811 1655 cum

982 1666 1099 1694 victore
1128 1670 1280 1694 terrarum
1319 1664 1439 1703 populo
1467 1664 1651 1701 bellaverit3
1690 1675 1727 1696 ac
1759 1667 1815 1698 vix

980 1709 1078 1738 ariete
1096 1708 1183 1737 velut
1209 1708 1321 1747 triplici
1342 1707 1484 1746 denique
1509 1707 1548 1736 sit
1563 1715 1708 1746 aequatus
1731 1710 1815 1749 solo,

980 1759 1016 1780 ac
1034 1751 1212 1789 principatu
1227 1750 1357 1789 vitaque
1383 1750 1498 1789 pariter
1522 1759 1690 1788 excussus,
1714 1751 1812 1792 Syllae

981 1792 1121 1822 Cornelii
1147 1793 1312 1830 felicitate,
1337 1791 1468 1822 Luculli
1495 1793 1623 1830 virtute,
1647 1796 1812 1832 postremo

980 1836 1204 1874 magnitudine
1232 1835 1387 1874 Pompeii.
1447 1834 1529 1864 Haec
1558 1835 1641 1866 Ccel.
1671 1835 1809 1878 Rhodig.

981 1878 1037 1908 lib.
1054 1878 1106 1907 22.
1131 1887 1200 1916 cap.
1217 1879 1268 1907 20.

1021 1922 1084 1951 274
1132 1919 1286 1962 crossum]
1322 1921 1421 1950 Hunc
1437 1918 1544 1960 Lydiae
1562 1929 1668 1959 regem
1678 1920 1813 1955 beatum

977 1972 1011 1992 se
1023 1964 1062 1993 ob
1075 1973 1216 1993 summas
1232 1973 1308 2002 opes
1320 1964 1503 1993 credentem
1513 1963 1684 1993 admonuit
1696 1965 1811 2005 Solon,

978 2007 1145 2036 neminem
1163 2012 1237 2036 ante
1250 2007 1375 2036 obitum
1388 2005 1524 2043 judicari
1538 2005 1664 2036 felicem
1681 2007 1808 2038 debere.

979 2048 1072 2079 Quod
1099 2049 1152 2078 ille
1168 2059 1280 2078 verum
1306 2048 1434 2078 tandem
1450 2049 1579 2088 agnovit
1603 2051 1774 2088 postquam
1789 2050 1810 2081 ἱ

977 2090 1063 2130 Cyro
1078 2092 1243 2122 Persarum
1260 2091 1345 2132 Rege
1369 2098 1492 2129 captim,
1518 2092 1546 2121 δε
1563 2091 1652 2121 vivus
1677 2093 1806 2124 tantum

977 2142 1043 2164 non
1060 2141 1196 2165 exustus
1213 2141 1270 2165 est.
1314 2134 1399 2163 Vide
1416 2134 1570 2165 Herodot.
1599 2134 1653 2164 lib.
1673 2136 1701 2165 1.
1730 2137 1804 2166 Jus-

976 2177 1034 2206 tin.
1051 2178 1201 2208 Plutarch

1014 2220 1100 2250 Justi
1112 2218 1244 2261 Solonis]
1262 2220 1346 2250 Gell.
1362 2220 1416 2250 lib.
1435 2221 1485 2251 17.
1501 2229 1571 2258 cap.
1587 2220 1639 2249 21.
1652 2219 1696 2249 ait
1712 2220 1803 2252 Solo.

972 2271 1047 2292 nem
1073 2274 1177 2293 unum
1202 2273 1243 2294 ex
1260 2263 1313 2292 illo
1329 2263 1429 2293 nobili
1455 2272 1591 2292 numero
1609 2262 1800 2301 Sapienturn

971 2305 1055 2345 leges
1074 2307 1324 2336 Atheniensium
1337 2306 1503 2345 scripsisse,
1519 2312 1670 2344 regnante
1687 2304 1800 2338 Romae

969 2347 1147 2388 Tarquinio
1163 2350 1265 2379 Prisco
1279 2358 1363 2378 anno
1378 2349 1465 2388 regni
1478 2348 1504 2386 ej
1511 2357 1547 2377 us
1562 2348 1723 2387 trigesimo
1735 2354 1799 2380 ter-

973 2391 1027 2421 tio.
1072 2391 1155 2422 Vide
1170 2392 1328 2421 Plutarch.
1349 2393 1406 2421 &c.

1012 2435 1087 2464 275.
1112 2434 1273 2474 Respicere
1288 2435 1330 2463 ad
1343 2433 1452 2474 longae,
1467 2431 1534 2473 450]
1557 2431 1650 2464 Ovid.
1667 2438 1794 2466 senten-

971 2476 1048 2507 tiam
1065 2478 1190 2507 Solonis
1205 2480 1249 2507 ita
1265 2478 1435 2514 expressit:

1226 2520 1349 2549 Scilicet
1363 2519 1470 2547 ultima
1485 2528 1599 2558 semper

1041 2563 1243 2602 Expectando
1256 2564 1317 2591 dies
1329 2561 1450 2597 homini,
1467 2562 1584 2600 dicique
1596 2562 1702 2594 beatus

1041 2606 1124 2636 Ante
1137 2607 1247 2635 obitum
1260 2614 1343 2633 nemo
1353 2612 1546 2643 supremaque
1549 2604 1668 2643 funera
1682 2604 1780 2637 debet.

1010 2650 1084 2680 276.
1108 2649 1261 2685 Exilium,
1278 2649 1299 2685 ἐξ
1315 2657 1427 2684 carcer,
1442 2647 1506 2686 ἔξω]
1529 2648 1563 2677 Si
1586 2647 1707 2678 Marius
1732 2650 1791 2680 mi-

968 2693 1026 2722 nus
1043 2693 1185 2729 vixisset,
1210 2700 1275 2720 non
1291 2696 1372 2719 esset
1386 2698 1538 2728 expertus
1551 2691 1700 2730 exilium,
1723 2701 1790 2722 car-

965 2745 1082 2771 cerem,
1118 2733 1372 2764 mendacitatem.
1428 2732 1588 2764 Nimirum
1615 2733 1710 2764 Caius
1738 2735 1791 2764 ille

967 2778 1087 2807 Marius
1103 2778 1119 2806 a
1133 2777 1219 2816 Sylla
1235 2776 1338 2804 victus
1350 2774 1444 2815 fugit,
1458 2781 1556 2815 atque
1571 2777 1605 2807 in
1620 2776 1790 2814 paludibus

967 2830 1066 2859 prope
1082 2820 1259 2849 Minturnas
1276 2818 1379 2847 latuit.
1427 2818 1506 2848 Inde
1531 2824 1606 2849 vero
1630 2819 1661 2847 in
1686 2828 1790 2848 carce-

967 2873 1032 2893 rem
1049 2863 1211 2900 abreptus,
1228 2862 1406 2890 immissum
1423 2861 1555 2892 Gallum
1572 2870 1787 2900 percussorem

966 2905 1073 2936 vultus
1100 2906 1264 2942 majestate
1288 2904 1449 2934 deterruit.
1496 2904 1583 2934 Hinc
1609 2904 1730 2941 trajecit
1754 2903 1789 2934 in

965 2949 1117 2984 Africam,
1143 2948 1171 2976 ὃς
1189 2947 1379 2986 Carthagine
1395 2956 1521 2987 pauper
1533 2949 1561 2977 <Sc
1579 2946 1657 2975 exul
1670 2955 1789 2985 panem

966 2991 1170 3021 mendicavit.
1214 2989 1327 3020 Aurel.
1343 2989 1461 3021 Victor.
1476 2990 1542 3020 Tit.
1559 2989 1628 3019 Liv.
1643 2988 1789 3029 Epitom.

966 3035 1021 3066 lib.
1035 3036 1086 3065 77.
1104 3034 1263 3064 Plutarch.
