1934 3227
553 83 606 116 A.
647 81 836 115 PERSII
878 79 1085 113 FLACCI
1125 79 1280 112 VITA.

138 169 289 228 venis,
339 165 589 230 inquiunt,
630 164 925 212 Praetextam
969 163 1197 220 fabulam,
1242 162 1478 217 ὀδοιπορικόν
1514 162 1693 211 librum

137 252 309 292 unum,
352 236 394 280 &
430 232 521 279 alia
557 231 809 294 quaepiam,
849 238 907 276 ut
941 229 1079 275 aiunt
1119 238 1300 276 veteres
1337 229 1552 277 Glossae:
1611 229 1694 277 sed

138 300 353 349 abolevit
378 315 432 346 ea
468 297 642 344 Fulvia
674 305 838 352 mater,
881 311 942 342 ex
980 293 1184 341 consilio
1222 294 1434 342 Cornuti
1472 296 1690 359 Praecep-

137 367 271 423 toris,
300 364 383 428 qui
408 363 549 411 etiam
578 362 767 418 Satiras,
799 358 1061 422 antequam
1088 358 1356 416 ederentur,
1399 361 1660 408 recensuit.

207 429 454 479 Caeterum
482 444 762 491 quanquam
788 426 980 474 videtur
1005 425 1193 472 Persius
1214 426 1425 472 noluisse
1450 425 1682 489 intelligi,

140 507 289 562 atque
326 494 447 543 adeo
483 493 655 540 debere
690 491 897 555 neglegi,
938 499 996 538 ut
1028 490 1184 539 aiebat
1212 490 1275 537 D.
1303 491 1600 549 Ambrosius,
1639 502 1691 540 at

142 563 275 629 quod
300 562 369 609 ait
392 576 598 623 magnus
619 556 842 620 Scaliger,
864 557 968 621 jam
990 556 1019 603 ὲ
1037 555 1177 604 nobis
1198 556 1504 618 intelligitur,
1533 574 1689 620 neque

139 627 345 695 proinde
371 623 694 688 negligendus
717 622 745 669 a
769 639 1033 686 quoquam.
1101 621 1265 668 Eccur
1283 621 1409 668 enim
1432 622 1500 669 ita
1521 623 1692 670 lauda-

142 705 223 744 tus
248 694 418 742 fuisset
454 690 481 737 a
518 689 719 737 summis
743 688 874 735 Viris
898 689 991 746 ille,
1024 686 1063 735 si
1088 703 1179 734 nec
1204 687 1299 750 legi
1325 687 1503 750 dignus
1529 690 1686 738 esset?

139 763 309 810 Testes
325 758 423 805 sint
449 755 622 803 Euseb.
642 755 705 802 D.
729 753 929 801 Hieron.
948 754 991 800 S.
1013 754 1227 817 August.
1259 753 1485 801 Lactant.
1525 753 1687 810 Quin-

140 827 295 883 tilian,
347 826 387 871 δε
428 822 507 869 alii
542 820 691 886 prope
716 819 990 867 innumeri:
1031 819 1111 868 Ex
1147 818 1310 866 Poetis
1337 828 1498 866 autem
1528 820 1686 868 Luca-

139 910 247 950 nus,
290 889 375 954 qui
415 888 593 952 pariter
631 894 687 933 ut
724 886 915 934 Persius
955 885 1163 934 Cornuti
1201 885 1395 932 auditor
1430 884 1540 940 fuit,
1584 887 1687 951 ejus

141 967 303 1007 autem
332 956 579 1012 Poetnata,
617 968 865 1015 nunquam
893 952 993 998 sine
1018 949 1336 998 admiratione
1359 952 1407 997 &
1431 952 1687 1015 praeconiis

142 1022 332 1074 recitari
358 1020 598 1077 audiebat,
643 1029 696 1065 ut
728 1019 935 1065 affirmat
967 1017 1123 1064 Vetus
1157 1017 1412 1080 Interpres,
1453 1017 1570 1080 quin
1597 1034 1683 1065 ex·

143 1091 386 1144 clamaret,
414 1086 518 1133 haec
543 1101 655 1132 vera
676 1100 774 1131 esse
799 1083 1043 1131 Poemata.
1121 1082 1360 1130 Martialis
1386 1090 1548 1130 autem
1572 1101 1682 1149 pos-

141 1155 323 1206 teritati
347 1150 661 1215 consignavit
685 1148 835 1197 Persii
858 1147 1136 1197 memoriam
1160 1147 1232 1196 his
1259 1148 1517 1197 Versibus:

352 1283 499 1332 Saepizzs
517 1283 556 1318 in
577 1281 670 1319 libro
689 1285 911 1318 memoratur
935 1281 1091 1319 Persius
1110 1291 1195 1323 uno,

403 1335 523 1381 Qmim
542 1335 626 1372 lev-is
643 1336 682 1377 in
701 1338 780 1372 tota
801 1334 957 1372 Marsus
976 1331 1217 1373 Amazoniam
