1948 3281
761 66 947 112 PERSII

114 152 192 197 Jus
214 155 334 200 habet
354 157 420 200 ille
443 158 505 201 sui
529 159 665 215 palp0‚
691 176 814 217 quem
839 160 951 201 ducit
975 159 1157 200 hiantem

115 212 281 255 Cretata
302 216 501 258 ambitio?
540 218 704 274 Vigila:
748 219 786 259 ὃς
809 217 914 259 cicer
937 218 1072 274 ingere
1094 217 1202 274 lar-ge

112 269 278 313 Rixanti
303 274 472 328 populo,
496 285 632 316 nostra
658 286 699 316 ut
722 275 892 317 Floralia
917 276 1073 329 possint

981 67 1196 110 SATIRA
1229 68 1286 110 V.
1768 76 1853 119 339

1330 159 1379 188 An
1393 162 1440 190 sui
1455 162 1616 194 ‹loncirzium
1625 167 1758 204 possidet
1772 168 1848 198 adu-

1330 204 1472 233 latnrille
1502 216 1587 244 quem
1610 211 1731 238 aridam
1749 211 1845 240 trahit

1329 246 1452 275 ambitu
1499 251 1664 280 candidata
1678 252 1692 281 ,2
1759 254 1845 294 l'igil

1327 293 1390 318 enlm
1404 301 1412 317 .·
1442 294 1534 329 atque
1556 293 1745 324 abunfmzter
1760 298 1840 328 cicer

110 326 254 381 Aprici
280 332 518 373 meminisse
540 348 671 374 senes.
733 334 845 390 Quid
872 333 1049 387 pulcrius
1069 333 1082 374 ?
1129 333 1189 374 At
1212 334 1309 373 cum
1325 331 1717 375 ‘'²0³5‘'oe*stlpl'fj‘ff-gffmss
1739 343 1771 368 '⁴‘
1788 351 1836 370 ve·

109 385 289 428 Herodis
313 387 459 431 venere
482 390 583 442 dies,
610 393 813 446 unctaque
839 393 1013 431 fenestra

590 459 741 493 Quidnam
758 460 910 490 honestius
923 460 937 489 ?
961 460 1015 489 sed
1028 460 1146 499 quando
1161 460 1266 489 illuxit
1283 460 1344 489 dies
1360 462 1504 500 Herodis,
1517 465 1538 501 ‘S'
1555 468 1671 503 aptatae
1681 467 1837 506 lampades

436 459 539 496 festa.

1232 392 1310 431 ΙςΟ
1324 376 1382 403 tuli
1396 376 1437 404 ad
1449 376 1537 406 solem
1561 380 1691 416 empus-ili
1712 392 1728 409 c
1749 392 1837 412 mme-

1257 416 1267 431 k
1323 428 1439 448 morare
1465 424 1577 457 queunt
1608 428 1709 452 nostra
1737 425 1836 454 Flnroe

104 639 268 673 ferendam
284 645 384 675 animi
408 645 600 684 libertatem,
622 644 677 675 sed
694 646 818 676 tantum
842 645 880 674 ad
904 646 945 675 ci-

103 684 212 716 vilem.

153 730 223 759 176.
246 730 304 761 Jus
330 731 416 760 hahet
442 731 496 761 ille
515 733 574 770 sui,
601 732 666 770 650]
706 731 804 761 Aliud
831 740 942 762 exem-

101 771 195 809 plum
213 772 253 803 de
268 776 449 812 ambitioso,
475 777 564 814 quod
587 776 706 805 rursum
733 774 847 804 incutit
872 774 940 804 Da-

102 822 163 844 ma:
192 816 332 855 Stoicus,
360 818 398 847 ad
421 827 497 847 euni
525 819 646 856 plenius
670 818 941 848 convincendum.

99 857 171 893 An,
197 860 313 898 inquit,
340 861 406 891 talis
424 861 524 890 homo
540 862 637 891 habet
661 861 711 890 sui
736 866 941 899 potestatem,

101 900 131 928 &
148 902 248 931 animi
266 902 466 933 libertatem?
492 905 612 934 Seneca
642 904 729 941 dicit,
751 913 860 933 avaros
882 914 940 934 non

98 939 207 973 habere
237 945 373 984 divitiis,
403 948 456 976 sed
484 948 502 976 ἀ
530 948 644 977 divitiis
671 946 783 976 baberi.
829 946 871 976 Et
900 947 941 978 de

98 983 201 1016 Laide
218 989 359 1025 jactabat
378 991 571 1029 Aristippus,
593 989 656 1031 ἔχω
672 991 744 1019 αλλ’
760 989 797 1018 ἐι
813 987 938 1030 ἔχομαι.

140 1027 256 1070 Palpoj
281 1033 366 1063 Sunt
389 1034 447 1072 qui
468 1034 642 1064 ablativum
659 1033 766 1063 dicant
780 1034 797 1062 a
813 1035 938 1064 nomin.

91 1071 233 1111 palpum,
252 1075 282 1104 id
298 1083 344 1106 est
358 1077 505 1113 illiciunt,
521 1078 798 1107 blandimentum:
813 1083 845 1106 at
860 1087 937 1107 cum

97 1115 166 1145 aliis
198 1118 311 1148 melius
341 1121 478 1159 accipies
511 1121 543 1150 in
574 1119 793 1151 nominativo:
827 1121 936 1159 palpo,

96 1158 175 1198 onix,
202 1160 232 1190 id
257 1169 316 1200 est,
343 1163 497 1194 adulator.
546 1163 692 1203 Palptzre,
723 1164 845 1201 proprie
876 1170 936 1203 est,

95 1210 198 1232 manu
214 1206 366 1243 mulcere,
382 1213 524 1244 tractare,
541 1208 728 1246 explorare3
754 1207 781 1235 3<
799 1216 854 1244 per
871 1217 935 1237 me-

95 1245 277 1286 taphoram,
293 1250 445 1289 significat
470 1251 638 1288 explorare
655 1249 827 1279 hominum
845 1259 935 1280 men-

96 1291 156 1325 tes,
181 1296 370 1328 praetentare
397 1294 610 1331 voluntatem,
635 1293 673 1322 ad
697 1292 827 1331 gratiam
845 1294 883 1323 ab
901 1295 936 1324 iis

94 1332 337 1371 surripiendam.
385 1336 448 1366 Hic
467 1337 596 1375 ponitur
613 1346 669 1375 pro
680 1336 861 1374 ambitioso,
877 1337 934 1375 qui

93 1382 223 1412 prensat
238 1377 336 1415 cives,
361 1381 388 1408 δε
413 1389 523 1410 auram
543 1380 731 1418 popularem
749 1385 872 1417 captat,
898 1385 935 1411 ut

94 1425 209 1448 eorum
232 1420 380 1462 suffragia
405 1422 618 1461 demereatur,
642 1424 670 1452 Sc
684 1423 727 1452 sic
743 1421 781 1451 ad
797 1422 934 1454 honores

94 1459 122 1489 ἃ
139 1460 309 1501 dignitates
327 1467 489 1505 perveniat

135 1503 248 1544 Ducit]
271 1507 329 1538 Per
352 1510 452 1539 tribus
476 1509 701 1547 circumducit,
731 1508 769 1538 ad
798 1510 932 1548 gratiam

91 1550 206 1587 populi
242 1551 379 1582 Romani
413 1554 658 1592 aucupandum.
708 1553 772 1582 Alii
805 1553 932 1592 legunt,

90 1590 188 1630 tollit,
217 1595 348 1632 perinde
377 1604 434 1627 est.
477 1597 636 1634 Hiemem,
659 1595 866 1626 anhelantem
893 1599 932 1628 ad

91 1633 242 1674 honores,
258 1648 293 1668 ac
310 1640 401 1670 velut
416 1646 527 1678 aperto
543 1649 596 1669 ore
611 1644 832 1677 appetentem.

139 1681 208 1710 177.
237 1680 364 1712 Cretata
380 1684 504 1714 ambitio
514 1683 545 1721 ἓ]
580 1683 653 1712 Mos
676 1688 741 1710 erat
765 1681 932 1722 Magistra-

91 1728 163 1752 tum
186 1722 329 1763 aliquem
353 1726 569 1757 ambientibus
592 1725 758 1755 circumire
785 1725 819 1755 in
846 1733 932 1756 veste

90 1765 228 1796 candore
256 1769 431 1806 splendida.
476 1769 552 1800 Non
584 1770 672 1798 enim
710 1768 755 1797 illi
786 1771 931 1799 contenti

87 1807 185 1838 insito
201 1809 278 1840 lanae
293 1813 410 1851 colore,
432 1820 551 1844 cretam
567 1813 725 1842 addebant
747 1812 780 1840 in
795 1818 930 1851 vestem,

88 1857 128 1881 ut
154 1853 368 1893 candesceret,
398 1857 465 1886 imo
491 1855 682 1895 splenderet.
730 1853 823 1884 Unde
853 1857 928 1885 κατ’

85 1891 192 1935 ἐξοχὴν
217 1897 293 1927 dicti
320 1898 509 1929 Candidati:
545 1900 619 1929 hinc
647 1900 675 1928 δε
701 1899 718 1927 ὲ
742 1898 839 1937 vulgo
864 1900 928 1929 dis·

86 1939 178 1977 creti,
198 1943 251 1970 cui
275 1943 346 1972 alba
370 1943 504 1981 quidem
529 1941 582 1972 sed
610 1950 676 1972 non
699 1941 833 1971 candida
856 1948 928 1981 toga

87 1986 166 2011 erat.
215 1984 294 2014 Haec
321 1986 444 2016 erudite
468 1985 555 2016 Just.
586 1985 675 2024 Lips.
697 1984 799 2014 Elect.
824 1984 875 2014 lib.
900 1989 926 2015 1.

85 2033 158 2063 cap.
177 2026 226 2055 18.
248 2030 302 2059 ubi
319 2031 346 2059 δε
367 2030 444 2059 citat
461 2029 629 2067 isidorum,
644 2028 699 2058 lib.
717 2030 764 2058 14.
783 2037 851 2066 cap.
870 2029 924 2059 24.

83 2066 137 2097 Fit
153 2071 224 2108 toga
236 2072 342 2101 addito
356 2073 485 2110 quodam
500 2076 590 2101 cretae
608 2080 720 2111 genere
742 2070 903 2101 candidior
914 2083 923 2100 :

84 2111 113 2139 ἁ·
144 2111 213 2141 haec
241 2114 309 2153 ipsa
337 2115 434 2145 Persii
471 2117 566 2145 verba
601 2114 713 2152 affert3
754 2114 923 2153 multaque

78 2153 144 2183 alia
182 2160 219 2184 ut
255 2157 366 2196 probet
400 2159 621 2196 quotidianam
659 2158 736 2187 olim
774 2157 923 2189 Romanis

81 2201 192 2236 togam
206 2198 303 2231 fuisse
317 2202 436 2238 albam,
454 2201 600 2241 quamvis
616 2202 707 2230 certis
722 2200 831 2229 diebus
847 2210 922 2232 can-

82 2239 216 2271 didiores
242 2244 272 2273 &
296 2244 495 2283 splendidior
506 2254 528 2274 ‘s
555 2243 715 2282 prodirent
737 2243 777 2272 ob
800 2252 921 2275 vestem

79 2291 139 2312 ceu
163 2292 339 2325 recentem,
358 2297 416 2317 seu
441 2294 605 2318 cretatam.
652 2286 713 2315 His
742 2287 833 2323 porro
861 2288 920 2318 dis·

81 2326 203 2357 crimen
225 2331 320 2368 jubet
343 2331 420 2370 poni
440 2331 524 2361 inter
544 2335 665 2360 vestem
690 2329 827 2368 pullam,
849 2340 921 2369 quae

80 2370 225 2402 funebris
239 2375 366 2405 tantum
379 2386 388 2411 ;
414 2375 441 2404 ἀ
453 2373 625 2411 sordidam,
638 2373 704 2403 sive
717 2371 921 2413 sordidatam,

80 2413 115 2444 id
142 2420 201 2451 est,
228 2418 397 2448 contractis
426 2416 568 2447 sordibus
591 2416 726 2453 fuscam,
754 2414 820 2453 qua
852 2423 920 2446 ute-

80 2458 199 2489 bantur
214 2461 382 2500 supplices.
412 2460 464 2490 De
481 2460 600 2500 quibus
616 2459 767 2491 omnibus
782 2458 836 2488 ille
850 2459 920 2490 fuse

69 2501 207 2536 ibidem.

129 2544 246 2586 Vigila,
261 2549 284 2586 ῖς
299 2549 389 2586 cicer,
405 2545 474 2587 ἐξα]
498 2546 723 2584 Prosopopoeia
739 2544 920 2576 ambitionis

80 2589 208 2620 homini
220 2591 381 2621 honorum
396 2590 515 2629 cupido
528 2589 753 2628 praecipientis,
765 2596 832 2626 quo
847 2598 919 2627 pac-

79 2638 114 2662 to
145 2634 310 2671 popularis
342 2635 409 2672 fiat,
449 2636 476 2663 S:
508 2633 676 2672 dignitates
711 2630 915 2670 adipiscatur.

84 2674 200 2717 Vigila,
225 2677 343 2715 inquit,
362 2686 491 2707 summo
515 2685 609 2706 mane
625 2675 775 2708 discurre.
799 2674 917 2713 labora,

79 2728 196 2749 exerce
218 2726 249 2749 te
264 2721 297 2749 in
309 2721 368 2751 hac
384 2721 506 2751 urbana
521 2719 652 2749 militia:
676 2717 720 2747 sic
735 2717 825 2747 enim
839 2717 918 2747 Tul-

78 2762 140 2792 lius
173 2763 214 2792 ad
251 2763 351 2792 Attic-
389 2768 481 2793 vocat
517 2761 769 2793 Candidatorum
806 2760 916 2790 vitam.

79 2805 172 2835 Ante
187 2806 308 2843 lucem,
325 2807 368 2835 ito
380 2805 419 2835 ad
432 2807 529 2842 cives,
540 2805 652 2843 eisque
666 2803 805 2833 salutem
818 2802 920 2833 diem-

78 2857 146 2887 que
177 2857 362 2887 prosperam
389 2857 571 2888 apprecare,
609 2855 742 2885 operam
773 2853 862 2875 tuam
890 2847 919 2875 ἃς

78 2891 224 2921 officium
245 2891 382 2932 sponde,
407 2896 445 2922 ut
459 2900 573 2922 eorum
588 2890 647 2920 tibi
671 2897 760 2928 pares
781 2888 920 2918 benevo-

79 2934 227 2964 lentiam.

125 2976 214 3006 Cicer
239 2978 342 3018 ingere
367 2976 471 3018 large]
501 2976 686 3016 Legumina
703 2974 785 3004 varia
809 2982 922 3021 sparge

78 3020 280 3051 abundanter
296 3022 328 3051 in
343 3021 471 3060 vulgus,
487 3019 606 3057 fabam,
622 3019 704 3048 cicer
717 3017 849 3047 frictum
864 3026 921 3045 sct-

75 3063 165 3104 lieet,
186 3064 245 3095 See.
268 3065 312 3094 sie
334 3061 456 3096 AEdites
478 3063 565 3096 viam
588 3062 648 3093 sibi
670 3059 862 3095 muniebant
881 3058 921 3089 ad

988 645 1165 683 superiores
1182 645 1389 685 Magistratus
1407 657 1461 686 per
1478 648 1607 680 mi<silia
1623 652 1782 689 ejusmodi
1800 654 1828 683 ἃ

988 689 1159 727 congiaria,
1197 690 1341 719 maxime
1367 691 1402 720 in
1433 691 1619 723 Floralibus.
1666 695 1764 725 Alex.
1789 697 1829 726 ab

988 732 1083 760 Alex.
1104 731 1156 761 lib.
1179 733 1198 762 6
1225 742 1294 770 cap.
1312 734 1342 762 8.

987 773 1101 803 Horat.
1119 774 1170 804 lib.
1186 776 1217 804 2.
1237 776 1302 805 Sat.
1320 778 1349 805 3.

1071 816 1109 846 In
1125 818 1220 847 cicere
1234 819 1428 858 atquefabd,
1452 821 1526 850 bona
1543 825 1575 851 tu
1586 823 1759 864 perdasque
1775 825 1822 857 lu—

1138 870 1233 899 puns-

984 903 1121 934 Martial.
1138 904 1177 933 de
1193 905 1359 943 impensis,
1371 907 1403 935 in
1419 907 1594 937 Floralibus
1609 919 1617 946 3

1066 947 1112 976 Et
1126 948 1273 986 populari²
1285 958 1403 978 Sacrum
1420 950 1465 979 bis
1486 951 1580 979 millia
1597 952 1676 981 dena
1693 954 1822 988 tulisset,

1028 991 1098 1020 178.
1125 990 1256 1020 Bia-anti
1274 991 1403 1031 populo]
1432 993 1574 1023 Donaria
1595 998 1738 1027 certatim
1764 1010 1821 1030 ex-

981 1034 1177 1072 cipientibus
1203 1035 1231 1063 Se
1249 1035 1332 1073 sa‘pe
1356 1037 1439 1065 rixas
1463 1038 1669 1068 moventibus
1691 1041 1759 1071 aliis
1786 1044 1821 1074 in

979 1077 1069 1115 alios,
1086 1087 1146 1116 prae
1163 1077 1313 1107 aviditate
1335 1079 1505 1118 colligendi
1523 1079 1552 1108 &
1571 1081 1642 1118 plus
1665 1083 1818 1131 habendi,

980 1119 1060 1149 adeo
1076 1128 1110 1151 ut
1125 1120 1142 1150 ὲ
1159 1121 1234 1150 rixis
1248 1120 1361 1159 caedes,
1385 1131 1450 1151 non
1471 1123 1538 1152 raro
1554 1125 1788 1164 contingerent.

1022 1162 1138 1193 Nostra
1151 1168 1185 1192 ut
1197 1163 1470 1203 floraliapossint‚
1486 1165 1556 1204 age]
1581 1167 1624 1197 Ut
1638 1168 1726 1199 istius
1740 1171 1823 1203 libe—

980 1206 1108 1237 ralitatis
1123 1208 1279 1237 memoria
1295 1213 1432 1238 transeat
1447 1209 1484 1238 ad
1510 1215 1662 1247 posteros,
1688 1214 1819 1247 senibus

980 1259 1051 1279 eam
1069 1250 1107 1280 ad
1121 1250 1200 1280 filios
1212 1260 1248 1279 ac
1262 1258 1397 1288 nepotes
1417 1251 1635 1282 referentibus.

1024 1291 1175 1329 Floralia}
1201 1293 1291 1322 Flora
1309 1294 1424 1324 mulier
1440 1295 1616 1333 impudica,
1633 1303 1699 1326 arte
1715 1309 1818 1331 mere-

980 1336 1067 1365 tricia
1084 1337 1229 1376 ingentes
1244 1337 1414 1375 acquisitas
1438 1346 1513 1376 opes
1531 1340 1652 1377 populo
1672 1340 1816 1377 Romano

978 1388 1019 1407 ex
1036 1385 1228 1409 testamento
1244 1379 1372 1419 legavit,
1397 1380 1434 1410 ea
1450 1381 1633 1411 conditione
1651 1390 1687 1413 ut
1703 1388 1817 1418 natalis

977 1430 1054 1452 suus
1073 1423 1137 1452 dies
1153 1422 1252 1451 festus
1270 1423 1450 1453 haberetur.
1498 1423 1586 1454 Hinc
1608 1425 1729 1466 itaque,
1747 1439 1818 1467 pro-

977 1466 1163 1495 curantibus
1190 1464 1360 1503 AEdilibus,
1386 1466 1455 1495 ludi
1482 1469 1654 1504 quotannis
1679 1471 1817 1504 celebra-

976 1507 1093 1538 bantur
1109 1510 1199 1538 omni
1211 1509 1335 1538 lascivia
1348 1509 1448 1548 pleni,
1464 1511 1674 1541 convenientes
1697 1514 1818 1551 quidem

976 1552 1121 1581 memoriae
1137 1552 1312 1590 meretricis,
1339 1559 1376 1581 ut
1398 1558 1489 1582 notat
1514 1553 1698 1585 Lactantius
1714 1557 1766 1587 lib.
1787 1562 1816 1593 1,

975 1604 1046 1633 cap.
1062 1596 1114 1626 20.
1129 1595 1214 1625 unde
1230 1596 1258 1624 ἃς
1274 1595 1403 1624 erubuit
1415 1596 1556 1633 Populus
1569 1596 1638 1634 ipse
1651 1599 1815 1632 Romanus

976 1637 1067 1667 ludos
1083 1638 1222 1668 Florales
1236 1638 1383 1668 exhiberi
1398 1639 1537 1678 integros
1550 1649 1656 1671 coram
1685 1643 1721 1672 C.
1741 1644 1813 1676 Por-

975 1681 1026 1710 cio
1052 1680 1187 1718 Catone,
1214 1681 1378 1720 propterea
1394 1680 1412 1710 ὲ
1427 1681 1568 1711 Theatro
1591 1683 1743 1724 discessit,
1772 1698 1815 1719 ne

975 1724 1142 1762 praesentia
1158 1723 1216 1753 sua
1232 1725 1408 1762 spectaculi
1428 1726 1694 1758 consuetudinem
1711 1729 1813 1769 impe-

974 1766 1068 1804 diret,
1095 1774 1132 1797 ut
1154 1766 1247 1796 refert
1270 1766 1377 1796 Valer.
1397 1767 1536 1797 Maxim.
1553 1768 1648 1799 1ib.2.
1670 1780 1739 1812 cap.
1762 1775 1812 1805 to.

974 1809 1087 1840 Postea
1103 1811 1188 1848 vero,
1207 1815 1242 1839 ut
1259 1814 1347 1839 tanto
1364 1810 1479 1848 pudori
1494 1811 1580 1840 color
1601 1821 1809 1856 quaereretur,

973 1852 1101 1883 Floram
1114 1853 1224 1883 dixere
1235 1852 1338 1882 Deam
1352 1852 1482 1890 florum,
1494 1854 1709 1895 colebantque
1718 1868 1811 1897 quar-

972 1901 1005 1925 to
1021 1896 1181 1927 Kalendas
1197 1895 1286 1933 Maii,
1309 1905 1367 1925 seu
1381 1896 1434 1925 die
1449 1896 1502 1925 28.
1519 1898 1646 1935 Aprilis,
1664 1902 1756 1938 quasi
1771 1910 1810 1934 ut

971 1944 1038 1969 sata
1053 1939 1175 1970 felicius
1188 1945 1373 1968 crescerent.
1417 1938 1512 1969 Ovid.
1529 1940 1562 1969 in
1575 1940 1639 1970 fine
1661 1942 1714 1972 lib.
1731 1947 1762 1975 4.
1777 1947 1808 1977 ὅε

970 1983 1005 2012 in
1021 1984 1050 2012 5.
1096 1983 1275 2013 Fastorum.
1301 1981 1444 2011 Macrob.
1459 1982 1514 2011 lib.
1534 1984 1560 2011 1.
1585 1985 1710 2016 Saturn.
1729 1997 1756 2017 c.
1775 1990 1809 2020 4.

971 2026 1001 2055 S.
1023 2027 1197 2065 Augustin.
1209 2026 1264 2055 lib.
1279 2024 1358 2055 6.de
1368 2024 1462 2055 Civit.
1477 2025 1552 2064 Dei,
1565 2035 1635 2065 cap.
1652 2030 1681 2059 7.
1706 2030 1806 2064 Alex.

967 2068 1007 2098 ab
1024 2069 1121 2099 Alex,
1139 2079 1230 2098 mox.
1245 2069 1298 2098 cit.

1014 2112 1085 2142 179.
1109 2111 1234 2152 Aprici]
1271 2113 1369 2143 Senes
1395 2118 1505 2143 amant
1531 2114 1638 2151 aprica
1667 2115 1747 2154 loca,
1774 2116 1807 2147 id

967 2160 1027 2193 est,
1048 2156 1114 2185 sole
1130 2156 1288 2195 tepentia,
1311 2156 1345 2187 in
1366 2156 1484 2195 quibus
1499 2156 1698 2188 deficientem
1727 2169 1806 2192 curn

965 2204 1060 2228 aetate
1083 2200 1219 2229 calorem
1242 2199 1400 2237 foventes,
1425 2199 1567 2230 maxime
1583 2201 1662 2230 circa
1679 2203 1805 2233 meridi-

964 2251 1029 2278 em,
1047 2244 1140 2282 nugis
1161 2241 1342 2281 indulgent,
1359 2241 1444 2272 unde
1470 2242 1612 2273 Proverb.
1631 2244 1804 2286 μεσημβρι-

966 2282 1007 2319 vti<
1035 2285 1140 2326 λῆεθε,
1186 2285 1351 2315 Interdum
1385 2286 1412 2315 Sc
1441 2285 1573 2315 {audant
1601 2292 1747 2327 tempora
1770 2299 1804 2319 se

967 2329 1073 2366 pueris
1089 2335 1171 2366 acta,
1186 2333 1223 2357 ut
1239 2329 1281 2358 ait
1301 2328 1452 2357 Horatius
1467 2328 1504 2357 ad
1521 2327 1659 2359 Pisones.

1012 2369 1095 2404 Quid
1114 2370 1254 2410 pulcrius
1267 2370 1297 2409 ?]
1336 2371 1422 2402 Quid
1447 2371 1622 2410 gloriosius,
1645 2373 1745 2412 quarn
1768 2384 1804 2406 se

965 2416 1142 2452 posteritati
1165 2414 1394 2444 commendare
1416 2423 1472 2452 per
1495 2414 1747 2448 munificentiam
1772 2419 1803 2448 ἀ

963 2456 1114 2496 honores,
1141 2458 1250 2496 inquit
1272 2457 1420 2495 ambitio,
1441 2456 1479 2486 ad
1501 2457 1647 2487 animum
1664 2459 1804 2495 hominis

963 2501 1022 2529 sibi
1038 2499 1292 2540 mancipandum
1307 2512 1313 2528 :
1342 2501 1391 2529 vel
1409 2499 1526 2529 ironica
1540 2506 1589 2530 est
1613 2502 1715 2532 Stoici
1730 2514 1804 2536 am.

963 2542 1150 2575 bitiosorum
1168 2544 1324 2573 insaniam
1341 2542 1521 2572 deridentis.

1005 2586 1050 2615 At
1064 2587 1131 2616 cnm
1154 2585 1286 2616 Herodis
1307 2583 1415 2615 venere
1434 2585 1512 2624 dies]
1533 2585 1611 2617 Jam
1636 2588 1664 2618 ἀ
1691 2598 1802 2629 super.

961 2629 1048 2659 stitio
1065 2640 1135 2659 suas
1152 2636 1253 2667 partes
1276 2629 1352 2668 agit,
1376 2628 1500 2667 sibique
1523 2628 1706 2663 obnoxium
1731 2636 1803 2665 vult

960 2672 1078 2702 habere
1100 2673 1281 2702 hominem.
1343 2671 1427 2704 Quia
1452 2672 1526 2701 vero
1554 2671 1661 2703 Roma:
1692 2685 1803 2715 snper-

962 2716 1097 2745 stitionis
1126 2715 1363 2744 damnabantur
1398 2724 1511 2744 omnes
1549 2718 1675 2747 externi
1711 2721 1803 2758 ritus,

963 2759 1070 2788 omnis
1088 2758 1196 2797 religio
1208 2757 1394 2796 peregrina3
1419 2757 1495 2787 hinc
1511 2757 1635 2790 Persius
1649 2763 1803 2800 exempla

963 2801 1155 2831 Judaeorum
1180 2800 1308 2829 accersit
1334 2800 1351 2828 ὲ
1380 2801 1480 2838 Syria,
1511 2802 1540 2830 δε
1571 2801 1802 2841 AEgyptiorum

964 2844 1051 2882 apud
1074 2852 1155 2881 quos
1179 2842 1234 2872 Isis
1257 2843 1445 2880 colebatur3
1468 2848 1525 2873 aut
1541 2844 1625 2874 certe
1641 2844 1803 2878 Romano-

965 2896 1037 2916 rum
1065 2885 1269 2924 quorundam
1295 2894 1347 2916 eas
1371 2885 1540 2926 religiones
1563 2887 1804 2922 observantium

964 2929 1190 2968 superstitiose.

1011 2972 1083 3002 180.
1107 2971 1254 3010 Herodis]
1278 2972 1414 3011 Triplex
1433 2972 1496 3002 fuit
1514 2972 1658 3010 Herodes,
1682 2975 1805 3012 primus

966 3015 1128 3054 Antipatri
1144 3014 1239 3052 fitius,
1264 3014 1334 3044 Rex
1349 3015 1370 3046 J
1375 3015 1471 3045 udaeae
1486 3014 1591 3044 dictus
1607 3015 1624 3045 ὲ
1640 3015 1807 3059 Romanis,

965 3059 1025 3089 sub
1041 3067 1108 3099 quo
1117 3062 1211 3091 natus
1222 3057 1369 3091 Christus
1383 3057 1566 3091 Dominus:
1591 3058 1651 3100 qui
1665 3060 1695 3091 ἀ
1706 3063 1806 3101 paulo

903 3100 988 3142 Z2
