1948 3281
649 59 987 106 JUVENALIS
1027 59 1243 105 SATIRA
1272 61 1355 106 Vt.
1808 68 1886 112 111

148 148 306 197 Ornari
323 166 335 205 ς
381 150 422 194 8:
443 159 644 208 properat,
661 152 833 209 jamque
855 160 1091 208 expectatur
1112 152 1156 194 in
1176 151 1323 204 hortis,
1365 170 1459 206 atque
1471 168 1626 209 festinat,
1642 175 1665 210 ξς
1687 172 1755 211 jam
1773 175 1806 206 fn
1823 176 1891 208 rm-

157 210 248 252 Aut
263 209 370 264 apud
393 209 536 251 Isiacae
560 210 698 264 potius
721 210 893 252 sacraria
912 210 1045 262 lenae3
1367 210 1441 241 tulis
1455 222 1526 242 eam
1542 215 1753 255 opperiuntur,
1777 220 1826 249 rel
1849 222 1892 252 ad

159 267 390 322 Componit
412 267 566 308 crinem
588 267 767 309 laceratis
789 268 876 323 ipsa
895 267 1066 323 capillis,

1367 255 1459 285 aedem
1476 257 1583 294 potiris
1598 257 1691 286 Isidis
1715 260 1888 293 lenocinan-

1367 298 1420 334 tis,
1442 298 1570 337 capillos
1587 301 1655 337 ejus
1671 306 1762 339 aptot
1780 306 1888 336 misera

154 324 283 366 Nuda
297 326 489 365 humeros
501 326 642 366 Psecas
658 325 816 376 infelix,
827 325 1031 380 nudisque
1042 323 1251 368 mamillis.
1267 325 1355 366 490
1366 340 1480 371 Psecas
1494 342 1589 371 vulsie
1602 344 1668 381 ipea
1680 344 1825 382 crinitae,
1839 349 1889 378 de-

153 381 295 423 Altior
313 381 380 423 hic
399 383 524 438 quare
547 382 765 426 cincinnus
784 384 798 425 ?
843 383 1001 424 Taurea
1024 383 1144 438 punit

156 437 376 480 Continuo
397 439 491 481 flexi
511 440 668 482 crimen
691 440 935 496 facinusque
957 439 1110 495 capilli.

1365 385 1492 414 nudatis
1528 384 1657 415 humeris
1688 388 1711 424 ᾃς
1745 391 1888 426 papillis.

1369 426 1432 457 Cur
1459 428 1517 457 iste
1553 429 1652 458 cirrus
1681 431 1887 463 eminentior?

1366 469 1504 509 inquiet.
1550 472 1664 502 Statim
1681 474 1799 503 scutica
1816 476 1885 506 vin-

155 495 268 553 Quid
288 497 430 538 Psecas
447 497 636 540 admisit?
673 499 882 556 Quaenam
897 507 957 540 est
970 497 1038 539 hic
1056 498 1175 553 culpa
1189 497 1351 554 puellae,
1366 514 1449 543 dicat
1481 525 1592 545 noxam
1620 517 1643 553 ες
1670 515 1769 546 scelus
1796 519 1890 549 crini.-

155 553 200 594 Si
218 552 290 594 tibi
309 554 520 610 displicuit
542 570 664 597 nasus
689 567 782 597 tuus
803 557 816 597 ?
852 556 995 597 Altera
1016 555 1169 598 laevum

152 611 367 664 Extendit,
393 613 599 669 pectitque
621 628 778 665 comas,
803 613 844 654 Sc
863 612 990 656 volvit
1013 612 1057 654 in
1078 613 1234 654 orbern.
1267 614 1348 654 495

154 669 229 709 Est
249 668 291 710 in
315 670 488 711 consilio
510 680 711 721 matrona,
734 671 981 726 admotaque
1003 670 1105 711 lanis

154 727 338 768 Emerita
354 743 449 783 quae
472 738 601 769 cessat
622 743 696 769 acu
716 743 726 769 :
770 727 971 769 sententia
993 727 1122 782 prima

152 784 296 840 Hujus
317 786 417 838 crit3
451 794 542 840 post
564 786 670 826 hanc
694 794 827 836 aetatc,
851 796 973 841 atque
995 795 1076 826 arte
1100 783 1279 826 minores

154 841 422 893 Censebunt3
467 852 664 898 tanquam
684 843 808 884 farnae
831 843 1050 884 discrimen
1073 852 1232 899 agatur,

153 899 244 940 Aut
260 900 435 941 animae:
477 909 589 941 tanta
610 909 671 941 est
692 899 904 956 quaerendi
930 915 1026 941 cura
1047 900 1220 941 decoris.
1264 900 1349 940 500
1362 904 1518 932 reseranti.

151 956 234 1006 Tot
257 958 402 1011 premit
424 957 650 1009 ordinibus,
684 968 744 999 tot
765 958 900 999 adhuc
923 958 1192 1014 compagibus
1218 957 1346 998 altuni

154 1014 349 1056 AEdificat
369 1025 491 1070 caput
511 1031 521 1055 :
555 1014 881 1056 Andromachen
904 1016 929 1057 a
951 1016 1085 1057 fronte
1109 1015 1287 1067 videbis3

892 1073 1026 1125 Cedo,
1052 1073 1083 1114 εἰ
1102 1073 1221 1115 breve
1238 1072 1347 1129 parvi
1359 1074 1594 1104 existimationis
1610 1084 1647 1103 ac
1662 1076 1744 1104 vitae.
1795 1077 1882 1107 Ades

153 1071 252 1112 Post
266 1073 402 1114 minor
419 1082 504 1114 est:
536 1071 656 1114 aliam
675 1073 829 1114 credas.

152 1130 304 1171 Sortita
324 1140 385 1171 est
406 1129 538 1172 lateris
562 1130 757 1185 spatium,
781 1129 1022 1187 breviorque
1043 1131 1202 1173 videtur

149 1188 322 1244 Virgine
343 1191 552 1245 Pygmaea,
575 1188 698 1230 nullis
720 1188 858 1244 adjuta
878 1188 1118 1241 cothurnis3

151 1246 207 1287 Et
228 1246 325 1287 levis
348 1248 480 1287 erecta
501 1246 712 1302 consurgit
729 1248 778 1287 acl
800 1246 940 1287 oscula
962 1247 1117 1302 planta.

149 1303 281 1345 Nulla
302 1303 374 1345 viri
398 1319 494 1345 cura
515 1302 685 1354 interea,
709 1318 785 1344 nee
807 1303 964 1345 mentio
988 1305 1057 1346 fiet

149 1361 442 1403 Damnorum:
481 1360 581 1402 vivit
603 1370 800 1416 tanquam
821 1361 956 1403 vicina
976 1361 1127 1404 mariti.

1366 557 1487 586 detorti.
1518 558 1644 597 Ecquid
1653 560 1795 597 peccarit
1812 562 1887 591 Pse-

1364 609 1417 630 cas
1430 600 1444 629 J
1487 601 1577 634 Quod
1604 601 1672 631 illic
1692 606 1738 631 est
1752 604 1888 639 ,siminus

1364 644 1498 682 ancillae,
1522 645 1549 673 si
1573 649 1602 673 te
1624 644 1784 682 offendunt
1800 657 1889 678 nares

1364 687 1451 716 tuce?
1489 687 1564 717 Alia
1589 688 1745 718 sinistrum
1773 700 1887 729 expan-

1362 729 1422 768 dit,
1440 731 1463 768 ἐξ·
1479 730 1609 769 capillos
1624 732 1724 770 comit,
1746 737 1838 771 atque
1853 735 1886 765 ia.

1358 781 1470 811 gyrum
1498 777 1628 812 torquet.
1664 774 1703 803 Iri
1730 776 1886 807 consulta-

1362 815 1474 846 tionem
1490 821 1618 846 vocatur
1632 817 1780 856 Dorrzma,
1803 823 1825 858 ‘S'
1840 822 1887 850 Ια-

1361 858 1462 896 nificio
1474 860 1625 897 adhibita,
1635 871 1700 898 quae
1711 866 1814 900 vacat,
1827 873 1885 892 acic

1590 903 1682 932 Prior
1711 903 1774 933 ham
1795 906 1886 943 feret

1353 944 1529 982 judiciarii:
1564 950 1633 983 post
1665 956 1729 976 eam
1752 949 1885 986 judica-

1360 988 1436 1018 bunt
1465 988 1556 1018 (mitiis
1585 991 1608 1025 ἐς
1633 990 1749 1027 periti&
1774 991 1884 1029 inferi-

1360 1041 1425 1061 ores
1438 1042 1449 1065 ‚-
1465 1031 1880 1071 quasi1=ersetarpericalum

1359 1127 1473 1158 magna
1490 1122 1533 1148 est
1546 1116 1720 1147 sollicitudo
1729 1122 1881 1157 parandae

1326 1190 1342 1200 ,,
1360 1162 1542 1191 venustatis.
1590 1161 1645 1190 Tot
1655 1163 1812 1191 ordinibus
1821 1165 1876 1192 sti-

1263 1189 1344 1230 500
1355 1209 1426 1243 pat,
1459 1208 1504 1233 tot
1527 1203 1621 1233 etia'm
1643 1206 1881 1237 connexionibus

1359 1248 1488 1276 exstruit
1514 1246 1625 1276 celsum
1652 1249 1804 1287 verticem,
1841 1258 1878 1280 ut

1359 1289 1602 1320 Andromacham
1612 1300 1746 1320 cerneres
1759 1293 1876 1329 cifron-

1360 1339 1401 1371 te,
1419 1335 1438 1363 ἀ
1455 1337 1540 1372 tergo
1557 1333 1672 1362 bret-ior
1687 1337 1775 1364 extat
1786 1346 1796 1362 .·
1828 1342 1878 1366 at-

1328 1405 1332 1409 ,
1359 1387 1424 1416 que
1438 1377 1565 1405 alteram
1580 1377 1776 1407 existimares.
1807 1378 1875 1417 Da,

147 1421 176 1449 si
190 1424 282 1450 nacta
297 1424 342 1450 est
359 1421 439 1450 curti
453 1419 560 1450 lateris
568 1429 698 1458 parvam
724 1420 939 1459 extensionem,
952 1423 974 1459 ‘S'
988 1425 1117 1460 apparet
1138 1420 1234 1450 minor
1251 1419 1360 1460 puellti
1384 1420 1541 1459 Pygmaea,
1558 1419 1690 1458 quando
1714 1421 1804 1450 nullis
1826 1428 1875 1452 est

149 1462 304 1493 cothurnis
319 1463 436 1501 innixa,
450 1467 542 1501 atque
552 1463 631 1501 pede
653 1463 805 1493 sublevato
819 1464 860 1493 ad
881 1464 966 1493 basia
980 1464 1075 1504 agilis
1087 1463 1264 1504 subrigitur.
1313 1462 1439 1494 Nullum
1461 1462 1580 1493 interim
1601 1463 1705 1494 mariti
1728 1464 1873 1503 studium,

149 1515 244 1546 'neque
258 1507 399 1537 memoria
412 1510 456 1537 est
472 1506 717 1539 detrimentorum
729 1518 738 1536 .·
765 1507 858 1537 vitam
873 1507 942 1549 agit
957 1509 1039 1537 velut
1054 1507 1113 1537 riri
1128 1507 1242 1546 vicina,

193 1673 268 1704 488.
291 1676 384 1715 Apud
397 1675 503 1707 Isiacae
510 1675 615 1715 potiris
627 1676 762 1707 sacraria
776 1675 866 1716 lenae]
899 1675 987 1706 Isidis

149 1718 243 1747 Sacra
258 1716 368 1749 locum
383 1720 468 1758 saepe
482 1721 600 1750 dabant
614 1720 787 1757 adulteriis,
811 1721 839 1749 ἃς
854 1729 893 1749 eo
907 1729 986 1758 prae-

149 1768 246 1791 textu
273 1762 393 1803 flagitia
420 1763 524 1792 multa
550 1763 820 1802 perpetrabantur.
846 1762 983 1800 Joseph.

147 1804 264 1844 Antiq.
280 1806 333 1835 lib.
358 1806 407 1835 18.
424 1815 492 1844 cap.
515 1807 565 1835 10.
588 1806 689 1835 Alex.
704 1806 743 1835 ab
760 1806 859 1835 Alex.
882 1805 936 1835 lib.
954 1806 984 1834 6.

147 1856 175 1876 c.
208 1848 240 1878 8.
308 1848 389 1878 Vide
419 1848 583 1878 Plutarch.
610 1848 741 1879 Comm.
771 1848 810 1878 de
848 1847 919 1878 Isid.
952 1849 980 1878 &-

147 1889 234 1919 Osir.

188 1934 262 1964 489.
287 1936 447 1976 Componit
464 1935 588 1975 crinem,
599 1935 665 1974 550]
689 1935 840 1965 Dominae
853 1944 982 1965 comam

145 1982 234 2015 aptat
256 1980 374 2009 ancilla
398 1979 524 2017 infelix,
548 1979 729 2009 verberibus
745 1978 898 2016 obnoxia,
923 1987 981 2017 po-

144 2020 210 2051 sitis
226 2021 354 2060 tunicis,
369 2030 406 2052 ut
420 2022 494 2052 ante
509 2022 644 2053 dictum.

188 2062 362 2102 Laceratis]
399 2066 451 2095 Ab
481 2066 558 2095 irata
583 2067 670 2103 hera,
706 2064 831 2104 quoties
858 2064 979 2095 aberrat

145 2106 310 2135 ornatricis
326 2117 455 2145 nianuS,
471 2114 528 2138 aut
542 2109 602 2138 alia
617 2110 657 2139 de
670 2118 777 2146 causa,
793 2114 830 2138 ut
845 2108 951 2146 supra.

187 2149 260 2179 490.
284 2148 412 2190 Psecas]
435 2150 564 2180 Nomen
580 2153 676 2182 unius
691 2152 708 2181 ὲ
725 2151 837 2180 Dianae
851 2151 976 2180 comiti-

144 2191 203 2222 bus
218 2194 246 2221 &
267 2193 402 2233 ancillis,
432 2194 521 2232 apud
547 2194 702 2225 Ovidium
719 2194 977 2232 Metamorphos.

142 2233 250 2264 Vetus
272 2236 379 2266 Schol.
402 2235 556 2275 ψειάζειν,
580 2237 699 2276 inquit,
727 2237 832 2266 Graece
858 2237 975 2274 dicunt,

142 2279 261 2315 quando
276 2289 378 2309 raram
390 2280 473 2319 pluit
490 2282 512 2317 ῖς
532 2280 677 2309 minutum
690 2291 699 2308 .·
728 2279 903 2309 Ornatrices
917 2280 976 2319 igi-

143 2324 194 2350 tur
206 2328 423 2362 componentes,
447 2334 532 2361 aquae
556 2334 655 2353 rarum
677 2333 714 2352 ac
734 2332 864 2361 parvum
876 2322 977 2351 solent

141 2364 261 2394 mittere
285 2376 323 2395 ac
347 2368 429 2396 velut
455 2365 603 2406 ψεκάζειν.
647 2366 736 2406 Ergo
759 2365 886 2395 nominis
908 2369 976 2405 ety-

140 2410 301 2447 mologiam
315 2409 353 2438 ab
369 2414 435 2439 arte
452 2409 547 2440 Poeta
561 2411 697 2449 sumpsit.

184 2453 256 2482 491.
281 2452 386 2481 Altior
413 2452 460 2482 liic
484 2464 589 2492 quare,
618 2453 682 2492 ιδῃ]
706 2452 886 2492 increpatio
909 2450 976 2483 Do-

134 2494 236 2529 }ninae
254 2495 292 2524 ad
306 2495 455 2526 ancillam
469 2498 673 2527 ornatricem.

187 2538 319 2577 Taurea]
344 2539 473 2569 Scutica
488 2539 505 2567 ὲ
521 2541 606 2570 corio
621 2540 755 2569 bubulo.

183 2579 293 2618 Panit]
317 2581 403 2612 Vide
420 2582 558 2612 Martial.
572 2583 626 2613 lib.
637 2584 668 2612 2.
686 2583 778 2622 Epig.
793 2582 845 2613 66.

185 2624 258 2655 494.
282 2622 318 2654 Sz'
330 2624 386 2654 tibi
398 2626 555 2664 displicuit
570 2636 662 2656 nasus
675 2625 758 2664 tuus]
781 2626 905 2664 Utpote
919 2626 973 2656 de-

138 2663 259 2696 formis.
298 2669 350 2697 An
364 2667 493 2699 famulae
506 2670 602 2708 culpa
614 2675 672 2706 est,
687 2669 712 2699 si
723 2678 816 2699 nasus
829 2669 885 2698 tibi
898 2674 974 2699 tuus

140 2715 209 2738 non
241 2709 365 2740 videtur
394 2718 440 2742 sat
468 2719 623 2743 venustus
638 2711 648 2741 ?
688 2713 754 2742 Cur
781 2713 876 2751 igitur
899 2720 973 2742 eam

140 2751 234 2782 caedis
249 2754 380 2784 taurea?

183 2794 294 2824 Altera
316 2795 420 2827 laevum
445 2799 595 2836 extendit,
619 2798 685 2837 iffa]
719 2798 850 2828 Laevam
872 2807 973 2829 comae

139 2843 266 2878 partem
281 2839 378 2869 altera
392 2843 573 2881 componit,
586 2843 664 2872 dum
679 2841 789 2871 Psecas
804 2843 945 2881 vapulat.

183 2880 258 2911 496.
281 2880 341 2911 Est
353 2883 386 2912 in
397 2885 535 2923 consilio]
558 2885 608 2915 De
621 2892 736 2914 ornatu
749 2887 776 2915 δε
795 2890 975 2923 venustate,

139 2922 181 2954 de
195 2925 427 2963 compositione
443 2929 642 2965 capillorum.

182 2965 331 2996 Matrona
345 2969 459 3009 senior]
485 2972 595 3001 Senior
623 2972 771 3010 quaedam
797 2972 825 3001 ἃ
848 2971 910 3001 fida
933 2970 976 3000 fa-

140 3009 242 3039 mula.
286 3009 417 3050 Legunt
430 3013 495 3053 alii,
509 3018 661 3054 materna,
676 3016 705 3046 δι’
720 3014 899 3055 explicant,
917 3024 977 3045 nu-

139 3053 203 3090 trix
217 3053 234 3084 a
248 3059 350 3086 matre
364 3055 446 3088 data.

1073 1674 1278 1714 Admotaque]
1303 1672 1445 1708 Quidam
1461 1673 1589 1714 legunt,
1605 1676 1718 1703 amota.

1072 1718 1183 1756 Lartis]
1207 1719 1273 1749 Vel
1287 1716 1519 1757 dispensandis,
1534 1718 1585 1747 vel
1599 1717 1726 1747 nendis.

1073 1763 1146 1793 497.
1172 1760 1314 1791 Emerita
1341 1760 1414 1799 acu]
1438 1760 1510 1790 Hac
1533 1760 1657 1790 dudum
1681 1758 1760 1790 scite
1787 1770 1866 1799 oper.

1028 1805 1107 1842 rata,
1129 1805 1274 1843 quandiu
1289 1805 1392 1843 viguit
1404 1803 1574 1833 oculorum
1586 1804 1669 1833 acies
1684 1815 1692 1831 :
1719 1802 1800 1833 bene
1817 1804 1870 1833 his

1027 1847 1188 1877 laboribus
1204 1847 1372 1886 perfuncta
1384 1847 1453 1884 jam
1471 1847 1615 1884 quiescit.

1072 1889 1193 1929 Cessat]
1214 1890 1365 1919 Emeritis
1377 1889 1468 1927 quasi
1483 1889 1648 1927 stipendiis
1662 1889 1866 1921 vocationem

1026 1934 1168 1964 obtinuit
1182 1933 1200 1962 a
1210 1933 1346 1963 tenuiori
1358 1941 1395 1962 ac
1406 1929 1577 1961 difficiliori
1586 1931 1695 1970 opera,
1709 1932 1864 1964 nimirum

1025 1977 1042 2006 a
1058 1976 1195 2015 suendo,
1210 1976 1260 2005 vel
1278 1985 1338 2005 acu
1356 1973 1533 2014 pingendO,
1550 1974 1601 2003 vel
1617 1975 1716 2005 etiam
1730 1984 1862 2006 comen-

1024 2019 1066 2051 do
1084 2020 1204 2050 heram.

1069 2065 1142 2093 501.
1173 2062 1230 2092 Tot
1244 2060 1413 2099 ordinibus]
1437 2060 1637 2099 capillorum
1654 2061 1749 2091 tricis.

1068 2105 1284 2146 compagibus]
1334 2104 1574 2142 commissuris,
1620 2103 1733 2143 fasciis,
1773 2104 1858 2139 tiara.

1021 2150 1220 2190 Suggestum
1236 2158 1338 2179 comae
1350 2152 1444 2179 vocat
1458 2146 1621 2185 Papinius.

1065 2195 1135 2223 502.
1163 2191 1330 2230 AEdificat]
1354 2190 1654 2221 Substruetionibus
1683 2190 1775 2221 velut
1798 2200 1860 2222 ex.

1018 2242 1157 2276 aggerat,
1173 2241 1282 2275 auget,
1299 2234 1400 2265 effert.

1062 2277 1306 2314 Andromachen,
1327 2277 1392 2317 ega]
1419 2277 1569 2308 Crederes
1586 2285 1724 2306 uxorem
1736 2276 1860 2309 Hecto-

1021 2322 1073 2360 ris,
1088 2322 1206 2352 statura
1221 2321 1330 2361 grandi
1348 2323 1375 2350 δε
1389 2320 1507 2359 magna
1523 2320 1741 2357 conspicuam.

1065 2366 1137 2396 503.
1163 2365 1238 2394 Post
1255 2365 1350 2394 minor
1363 2362 1424 2404 est]
1447 2363 1511 2392 Ubi
1534 2362 1633 2392 nullae
1657 2368 1735 2392 sunt
1761 2364 1861 2402 capil-

1021 2409 1127 2439 lorum
1155 2408 1419 2446 substructiones,
1442 2415 1514 2445 quae
1540 2405 1738 2444 grandiorem
1762 2407 1858 2438 exhi·

1020 2452 1128 2483 beant.

1064 2493 1157 2534 Cedo,
1173 2495 1200 2524 si
1215 2495 1314 2533 breve,
1330 2494 1396 2533 ge]
1421 2493 1495 2523 Hoc
1510 2490 1585 2520 vero
1599 2490 1733 2521 breviori
1748 2492 1795 2522 illi
1808 2493 1856 2523 in-

1017 2538 1128 2578 dulge,
1147 2545 1184 2568 ut
1198 2539 1289 2569 altior
1304 2538 1458 2573 videatur,
1481 2544 1518 2564 ac
1531 2533 1631 2563 videri
1645 2534 1730 2565 velit.
1778 2535 1858 2573 Vel,

1017 2592 1126 2621 quaeso
1140 2582 1189 2611 dic
1204 2591 1245 2611 an
1262 2591 1328 2611 non
1343 2581 1404 2610 alia
1420 2577 1544 2618 prorsus
1565 2586 1600 2607 ae
1616 2575 1738 2608 diversa
1753 2587 1855 2618 appa-

1019 2632 1101 2655 reret
1117 2624 1239 2655 videnti
1253 2624 1270 2652 a
1285 2623 1402 2661 fronte,
1419 2623 1447 2652 ἃ
1467 2621 1485 2650 a
1501 2619 1612 2660 tergo?

1061 2670 1134 2698 505.
1158 2666 1319 2707 Pygmaea]
1356 2665 1474 2696 Pusilla
1511 2664 1540 2692 δέ
1578 2663 1725 2694 cubitalis
1760 2665 1858 2695 instar

1017 2710 1243 2751 Pygmaeorum
1267 2708 1364 2738 Indiae
1391 2713 1547 2738 montana
1569 2707 1754 2737 colentium.
1802 2707 1858 2738 De

1019 2756 1135 2793 quibus
1152 2753 1226 2782 vide
1244 2751 1324 2781 Plin.
1338 2752 1394 2782 lib.
1409 2753 1437 2782 7.
1457 2760 1528 2789 cap.
1542 2750 1573 2778 2.
1603 2750 1733 2789 Angell.
1751 2750 1806 2780 lib.
1822 2750 1856 2782 9.

1018 2807 1088 2836 cap.
1105 2799 1135 2825 4.
1162 2795 1282 2825 Athen.
1301 2796 1356 2824 lib.
1371 2795 1402 2824 9.
1420 2803 1492 2833 cap.
1512 2794 1559 2822 11.
1573 2793 1601 2822 δι
1615 2802 1687 2831 quae
1703 2802 1760 2823 nos
1775 2793 1856 2823 infra

1018 2840 1058 2870 ad
1076 2840 1142 2869 Sat.
1157 2839 1207 2867 13.
1224 2848 1255 2867 v.
1272 2837 1343 2868 167.
1357 2847 1395 2867 ac
1406 2847 1471 2877 seq.

1065 2878 1245 2921 cothurnis]
1270 2880 1505 2911 Calceamentis
1534 2878 1773 2909 subliinioribus
1803 2888 1857 2908 su-

1019 2928 1094 2957 bere
1109 2923 1269 2960 confertis,
1287 2934 1429 2964 quorum
1446 2932 1523 2954 usus
1540 2928 1605 2952 erat
1621 2921 1709 2961 apud
1724 2921 1858 2961 Tragoe·

1020 2971 1089 3000 dos.

1064 3013 1138 3044 508.
1162 3011 1367 3050 Domitor-um]
1395 3010 1523 3044 Quibus
1539 3008 1691 3039 exhaurit
1706 3008 1862 3047 maritum

1020 3066 1079 3098 per
1092 3057 1199 3090 cuitus
1216 3055 1482 3097 sumptuosiores,
