<?xml version="1.0" encoding="UTF-8"?>
<!DOCTYPE html PUBLIC "-//W3C//DTD XHTML 1.0 Transitional//EN"
    "http://www.w3.org/TR/xhtml1/DTD/xhtml1-transitional.dtd">
<html xmlns="http://www.w3.org/1999/xhtml" xml:lang="en" lang="en">
 <head>
  <title>
</title>
<meta http-equiv="Content-Type" content="text/html;charset=utf-8" />
  <meta name='ocr-system' content='tesseract 3.04.00' />
  <meta name='ocr-capabilities' content='ocr_page ocr_carea ocr_par ocr_line ocrx_word'/>
</head>
<body>
  <div class='ocr_page' id='page_1' title='image "./djuniijuvenalis00juveuoft/djuniijuvenalis00juveuoft_0357.png"; bbox 0 0 1948 3281; ppageno 0'>
   <div class='ocr_carea' id='block_1_1' title="bbox 675 76 1227 122">
    <p class='ocr_par' dir='ltr' id='par_1_1' title="bbox 675 76 1227 122">
     <span class='ocr_line' id='line_1_1' title="bbox 675 76 1227 122; baseline -0.005 0"><span class='ocrx_word' id='word_1_1' title='bbox 675 79 862 122; x_wconf 88' lang='lat' dir='ltr'>PERSII</span> <span class='ocrx_word' id='word_1_2' title='bbox 895 76 1112 121; x_wconf 88' lang='lat' dir='ltr'>SATIRA</span> <span class='ocrx_word' id='word_1_3' title='bbox 1144 78 1227 120; x_wconf 87' lang='lat' dir='ltr'>III.</span> 
     </span>
    </p>
   </div>
   <div class='ocr_carea' id='block_1_2' title="bbox 86 171 1280 459">
    <p class='ocr_par' dir='ltr' id='par_1_2' title="bbox 86 171 1280 459">
     <span class='ocr_line' id='line_1_2' title="bbox 88 171 1109 230; baseline -0.005 -15"><span class='ocrx_word' id='word_1_4' title='bbox 88 171 360 230; x_wconf 89' lang='lat' dir='ltr'>Compositus</span> <span class='ocrx_word' id='word_1_5' title='bbox 379 171 503 223; x_wconf 90' lang='lat' dir='ltr'>lecto,</span> <span class='ocrx_word' id='word_1_6' title='bbox 527 185 744 228; x_wconf 84' lang='lat' dir='ltr'>crassoque</span> <span class='ocrx_word' id='word_1_7' title='bbox 767 172 920 213; x_wconf 84' lang='lat' dir='ltr'>lutatus</span> <span class='ocrx_word' id='word_1_8' title='bbox 942 184 1109 212; x_wconf 83' lang='lat' dir='ltr'>amomo</span> 
     </span>
     <span class='ocr_line' id='line_1_3' title="bbox 928 227 1126 269; baseline 0 -1"><span class='ocrx_word' id='word_1_9' title='bbox 928 229 987 269; x_wconf 83' lang='lat' dir='ltr'>At</span> <span class='ocrx_word' id='word_1_10' title='bbox 1008 227 1126 268; x_wconf 80' lang='lat' dir='ltr'>illum</span> 
     </span>
     <span class='ocr_line' id='line_1_4' title="bbox 88 284 1007 344; baseline -0.004 -14"><span class='ocrx_word' id='word_1_11' title='bbox 88 288 282 330; x_wconf 85' lang='lat' dir='ltr'>Hesterni</span> <span class='ocrx_word' id='word_1_12' title='bbox 306 289 436 344; x_wconf 86' lang='lat' dir='ltr'>capite</span> <span class='ocrx_word' id='word_1_13' title='bbox 461 288 606 329; x_wconf 88' lang='lat' dir='ltr'>induto</span> <span class='ocrx_word' id='word_1_14' title='bbox 629 284 788 328; x_wconf 69' lang='lat' dir='ltr'>subiere</span> <span class='ocrx_word' id='word_1_15' title='bbox 809 285 1007 344; x_wconf 66' lang='lat' dir='ltr'>Quirites.</span> 
     </span>
     <span class='ocr_line' id='line_1_5' title="bbox 86 343 1245 403; baseline -0.003 -17"><span class='ocrx_word' id='word_1_16' title='bbox 86 346 244 403; x_wconf 84' lang='lat' dir='ltr'>Tange,</span> <span class='ocrx_word' id='word_1_17' title='bbox 268 347 407 397; x_wconf 86' lang='lat' dir='ltr'>miser,</span> <span class='ocrx_word' id='word_1_18' title='bbox 428 361 564 396; x_wconf 73' lang='lat' dir='ltr'>venaS,</span> <span class='ocrx_word' id='word_1_19' title='bbox 590 346 627 386; x_wconf 71' lang='lat' dir='ltr'>Sc</span> <span class='ocrx_word' id='word_1_20' title='bbox 652 360 758 400; x_wconf 80' lang='lat' dir='ltr'>pone</span> <span class='ocrx_word' id='word_1_21' title='bbox 781 345 822 385; x_wconf 87' lang='lat' dir='ltr'>in</span> <span class='ocrx_word' id='word_1_22' title='bbox 844 353 1006 399; x_wconf 82' lang='lat' dir='ltr'>pectore</span> <span class='ocrx_word' id='word_1_23' title='bbox 1029 343 1211 384; x_wconf 77' lang='lat' dir='ltr'>dextram</span> <span class='ocrx_word' id='word_1_24' title='bbox 1235 358 1245 383; x_wconf 90' lang='lat'>:</span> 
     </span>
     <span class='ocr_line' id='line_1_6' title="bbox 493 400 1280 459; baseline -0.004 -15"><span class='ocrx_word' id='word_1_25' title='bbox 493 405 775 459; x_wconf 83' lang='lat' dir='ltr'>Summosque</span> <span class='ocrx_word' id='word_1_26' title='bbox 817 401 937 457; x_wconf 89' lang='lat' dir='ltr'>pedes</span> <span class='ocrx_word' id='word_1_27' title='bbox 980 400 1150 456; x_wconf 82' lang='lat' dir='ltr'>attinge,</span> <span class='ocrx_word' id='word_1_28' title='bbox 1190 414 1280 441; x_wconf 86' lang='lat' dir='ltr'>ma·</span> 
     </span>
    </p>
   </div>
   <div class='ocr_carea' id='block_1_3' title="bbox 88 230 865 287">
    <p class='ocr_par' dir='ltr' id='par_1_3' title="bbox 88 230 865 287">
     <span class='ocr_line' id='line_1_7' title="bbox 88 230 865 287; baseline -0.005 -14"><span class='ocrx_word' id='word_1_29' title='bbox 88 232 141 272; x_wconf 90' lang='lat' dir='ltr'>In</span> <span class='ocrx_word' id='word_1_30' title='bbox 164 242 320 287; x_wconf 87' lang='lat' dir='ltr'>portam</span> <span class='ocrx_word' id='word_1_31' title='bbox 346 230 496 286; x_wconf 84' lang='lat' dir='ltr'>rigidos</span> <span class='ocrx_word' id='word_1_32' title='bbox 515 230 644 271; x_wconf 82' lang='lat' dir='ltr'>calces</span> <span class='ocrx_word' id='word_1_33' title='bbox 668 230 865 270; x_wconf 87' lang='lat' dir='ltr'>extendit.</span> 
     </span>
    </p>
   </div>
   <div class='ocr_carea' id='block_1_4' title="bbox 85 402 924 630">
    <p class='ocr_par' dir='ltr' id='par_1_4' title="bbox 85 402 430 446">
     <span class='ocr_line' id='line_1_8' title="bbox 85 402 430 446; baseline -0.003 -1"><span class='ocrx_word' id='word_1_34' title='bbox 85 402 162 445; x_wconf 86' lang='lat' dir='ltr'>Nil</span> <span class='ocrx_word' id='word_1_35' title='bbox 205 405 308 446; x_wconf 85' lang='lat' dir='ltr'>calet</span> <span class='ocrx_word' id='word_1_36' title='bbox 347 405 430 444; x_wconf 75' lang='lat' dir='ltr'>h‘ic.</span> 
     </span>
    </p>

    <p class='ocr_par' dir='ltr' id='par_1_5' title="bbox 86 477 924 630">
     <span class='ocr_line' id='line_1_9' title="bbox 320 477 507 518; baseline 0 -16"><span class='ocrx_word' id='word_1_37' title='bbox 320 477 507 518; x_wconf 75' lang='lat' dir='ltr'>nusquc:</span> 
     </span>
     <span class='ocr_line' id='line_1_10' title="bbox 86 518 376 576; baseline 0 -16"><span class='ocrx_word' id='word_1_38' title='bbox 86 519 189 560; x_wconf 89' lang='lat' dir='ltr'>Non</span> <span class='ocrx_word' id='word_1_39' title='bbox 210 518 376 576; x_wconf 80' lang='lat' dir='ltr'>frigent.</span> 
     </span>
     <span class='ocr_line' id='line_1_11' title="bbox 87 574 924 630; baseline 0 -14"><span class='ocrx_word' id='word_1_40' title='bbox 87 576 276 618; x_wconf 82' lang='lat' dir='ltr'>Candida</span> <span class='ocrx_word' id='word_1_41' title='bbox 298 576 420 618; x_wconf 88' lang='lat' dir='ltr'>vicini</span> <span class='ocrx_word' id='word_1_42' title='bbox 446 576 610 617; x_wconf 83' lang='lat' dir='ltr'>subrisit</span> <span class='ocrx_word' id='word_1_43' title='bbox 628 575 753 617; x_wconf 87' lang='lat' dir='ltr'>molle</span> <span class='ocrx_word' id='word_1_44' title='bbox 777 574 924 630; x_wconf 87' lang='lat' dir='ltr'>puella,</span> 
     </span>
    </p>
   </div>
   <div class='ocr_carea' id='block_1_5' title="bbox 75 630 1271 862">
    <p class='ocr_par' dir='ltr' id='par_1_6' title="bbox 75 630 1154 792">
     <span class='ocr_line' id='line_1_12' title="bbox 86 630 1154 688; baseline -0.003 -14"><span class='ocrx_word' id='word_1_45' title='bbox 86 633 174 674; x_wconf 84' lang='lat' dir='ltr'>Cor</span> <span class='ocrx_word' id='word_1_46' title='bbox 197 634 268 676; x_wconf 87' lang='lat' dir='ltr'>tibi</span> <span class='ocrx_word' id='word_1_47' title='bbox 294 633 368 676; x_wconf 73' lang='lat' dir='ltr'>rite</span> <span class='ocrx_word' id='word_1_48' title='bbox 392 634 482 675; x_wconf 86' lang='lat' dir='ltr'>salit</span> <span class='ocrx_word' id='word_1_49' title='bbox 501 636 514 675; x_wconf 88' lang='lat'>?</span> <span class='ocrx_word' id='word_1_50' title='bbox 553 634 731 688; x_wconf 85' lang='lat' dir='ltr'>positum</span> <span class='ocrx_word' id='word_1_51' title='bbox 755 642 815 674; x_wconf 90' lang='lat' dir='ltr'>est</span> <span class='ocrx_word' id='word_1_52' title='bbox 834 632 995 688; x_wconf 85' lang='lat' dir='ltr'>algente</span> <span class='ocrx_word' id='word_1_53' title='bbox 1017 630 1154 672; x_wconf 85' lang='lat' dir='ltr'>catino</span> 
     </span>
     <span class='ocr_line' id='line_1_13' title="bbox 84 688 1141 747; baseline -0.003 -15"><span class='ocrx_word' id='word_1_54' title='bbox 84 691 254 733; x_wconf 90' lang='lat' dir='ltr'>Durum</span> <span class='ocrx_word' id='word_1_55' title='bbox 275 692 383 743; x_wconf 87' lang='lat' dir='ltr'>olus,</span> <span class='ocrx_word' id='word_1_56' title='bbox 411 692 449 733; x_wconf 69' lang='grc' dir='ltr'>ὅτ,</span> <span class='ocrx_word' id='word_1_57' title='bbox 472 691 612 747; x_wconf 88' lang='lat' dir='ltr'>populi</span> <span class='ocrx_word' id='word_1_58' title='bbox 635 691 767 732; x_wconf 89' lang='lat' dir='ltr'>cribro</span> <span class='ocrx_word' id='word_1_59' title='bbox 790 690 962 731; x_wconf 84' lang='lat' dir='ltr'>decussa</span> <span class='ocrx_word' id='word_1_60' title='bbox 983 688 1141 730; x_wconf 85' lang='lat' dir='ltr'>farina:</span> 
     </span>
     <span class='ocr_line' id='line_1_14' title="bbox 75 746 1088 792; baseline -0.005 -1"><span class='ocrx_word' id='word_1_61' title='bbox 75 748 313 792; x_wconf 82' lang='lat' dir='ltr'>-Tentemus</span> <span class='ocrx_word' id='word_1_62' title='bbox 335 750 471 791; x_wconf 84' lang='lat' dir='ltr'>fauces</span> <span class='ocrx_word' id='word_1_63' title='bbox 492 766 502 790; x_wconf 69' lang='grc' dir='ltr'><strong><em>ε</em></strong></span> <span class='ocrx_word' id='word_1_64' title='bbox 539 759 677 790; x_wconf 90' lang='lat' dir='ltr'>tenero</span> <span class='ocrx_word' id='word_1_65' title='bbox 698 747 797 789; x_wconf 89' lang='lat' dir='ltr'>latet</span> <span class='ocrx_word' id='word_1_66' title='bbox 820 747 938 788; x_wconf 89' lang='lat' dir='ltr'>ulcus</span> <span class='ocrx_word' id='word_1_67' title='bbox 956 746 998 788; x_wconf 89' lang='lat' dir='ltr'>in</span> <span class='ocrx_word' id='word_1_68' title='bbox 1019 760 1088 787; x_wconf 88' lang='lat' dir='ltr'>ore</span> 
     </span>
    </p>

    <p class='ocr_par' dir='ltr' id='par_1_7' title="bbox 255 806 1271 862">
     <span class='ocr_line' id='line_1_15' title="bbox 255 806 1271 862; baseline -0.006 -12"><span class='ocrx_word' id='word_1_69' title='bbox 255 821 356 862; x_wconf 82' lang='lat' dir='ltr'>genti,</span> <span class='ocrx_word' id='word_1_70' title='bbox 371 818 513 858; x_wconf 52' lang='lat' dir='ltr'>&amp;farina</span> <span class='ocrx_word' id='word_1_71' title='bbox 521 818 641 858; x_wconf 82' lang='lat' dir='ltr'>plebeio</span> <span class='ocrx_word' id='word_1_72' title='bbox 653 815 750 847; x_wconf 81' lang='lat' dir='ltr'>cribro</span> <span class='ocrx_word' id='word_1_73' title='bbox 760 806 919 857; x_wconf 56' lang='lat' dir='ltr'>pu&#39;rgata:</span> <span class='ocrx_word' id='word_1_74' title='bbox 942 818 1130 855; x_wconf 76' lang='lat' dir='ltr'>exploremus</span> <span class='ocrx_word' id='word_1_75' title='bbox 1136 819 1250 856; x_wconf 81' lang='lat' dir='ltr'>guttur</span> <span class='ocrx_word' id='word_1_76' title='bbox 1261 826 1271 844; x_wconf 79' lang='lat'>.-</span> 
     </span>
    </p>
   </div>
   <div class='ocr_carea' id='block_1_6' title="bbox 438 514 1147 574">
    <p class='ocr_par' dir='ltr' id='par_1_8' title="bbox 438 514 1147 574">
     <span class='ocr_line' id='line_1_16' title="bbox 438 514 1147 574; baseline -0.006 -14"><span class='ocrx_word' id='word_1_77' title='bbox 438 520 539 561; x_wconf 86' lang='lat' dir='ltr'>Visa</span> <span class='ocrx_word' id='word_1_78' title='bbox 559 528 620 560; x_wconf 90' lang='lat' dir='ltr'>est</span> <span class='ocrx_word' id='word_1_79' title='bbox 642 518 674 560; x_wconf 90' lang='lat' dir='ltr'>si</span> <span class='ocrx_word' id='word_1_80' title='bbox 697 518 803 559; x_wconf 82' lang='lat' dir='ltr'>forte</span> <span class='ocrx_word' id='word_1_81' title='bbox 828 515 1030 574; x_wconf 84' lang='lat' dir='ltr'>pecunia3</span> <span class='ocrx_word' id='word_1_82' title='bbox 1065 514 1147 557; x_wconf 85' lang='lat' dir='ltr'>sive</span> 
     </span>
    </p>
   </div>
   <div class='ocr_carea' id='block_1_7' title="bbox 1728 84 1812 126">
    <p class='ocr_par' dir='ltr' id='par_1_9' title="bbox 1728 84 1812 126">
     <span class='ocr_line' id='line_1_17' title="bbox 1728 84 1812 126; baseline 0.024 -2"><span class='ocrx_word' id='word_1_83' title='bbox 1728 84 1812 126; x_wconf 90' lang='lat'>303</span> 
     </span>
    </p>
   </div>
   <div class='ocr_carea' id='block_1_8' title="bbox 1204 168 1822 858">
    <p class='ocr_par' dir='ltr' id='par_1_10' title="bbox 1204 168 1815 268">
     <span class='ocr_line' id='line_1_18' title="bbox 1296 168 1815 212; baseline 0.013 -15"><span class='ocrx_word' id='word_1_84' title='bbox 1296 168 1380 199; x_wconf 77' lang='lat' dir='ltr'>thoro</span> <span class='ocrx_word' id='word_1_85' title='bbox 1416 171 1572 211; x_wconf 76' lang='lat' dir='ltr'>eminenti,</span> <span class='ocrx_word' id='word_1_86' title='bbox 1612 175 1634 211; x_wconf 70' lang='grc' dir='ltr'>ξ,-</span> <span class='ocrx_word' id='word_1_87' title='bbox 1669 175 1815 212; x_wconf 32' lang='lat' dir='ltr'>per-”fimus</span> 
     </span>
     <span class='ocr_line' id='line_1_19' title="bbox 1204 216 1815 268; baseline 0.016 -29"><span class='ocrx_word' id='word_1_88' title='bbox 1204 227 1278 268; x_wconf 72' lang='lat'>105</span> <span class='ocrx_word' id='word_1_89' title='bbox 1293 223 1408 243; x_wconf 76' lang='lat' dir='ltr'>amomo</span> <span class='ocrx_word' id='word_1_90' title='bbox 1434 216 1551 253; x_wconf 77' lang='lat' dir='ltr'>copioso</span> <span class='ocrx_word' id='word_1_91' title='bbox 1572 216 1696 254; x_wconf 70' lang='lat' dir='ltr'>profert</span> <span class='ocrx_word' id='word_1_92' title='bbox 1718 221 1815 256; x_wconf 70' lang='lat' dir='ltr'>pedes</span> 
     </span>
    </p>

    <p class='ocr_par' dir='ltr' id='par_1_11' title="bbox 1204 256 1818 614">
     <span class='ocr_line' id='line_1_20' title="bbox 1284 256 1809 296; baseline 0.017 -13"><span class='ocrx_word' id='word_1_93' title='bbox 1284 256 1428 296; x_wconf 74' lang='lat' dir='ltr'>siigidos</span> <span class='ocrx_word' id='word_1_94' title='bbox 1442 258 1543 287; x_wconf 67' lang='lat' dir='ltr'>tersas</span> <span class='ocrx_word' id='word_1_95' title='bbox 1557 260 1700 296; x_wconf 73' lang='lat' dir='ltr'>januam.</span> <span class='ocrx_word' id='word_1_96' title='bbox 1746 262 1809 293; x_wconf 76' lang='lat' dir='ltr'>Sed</span> 
     </span>
     <span class='ocr_line' id='line_1_21' title="bbox 1295 297 1814 335; baseline 0.013 -8"><span class='ocrx_word' id='word_1_97' title='bbox 1295 297 1427 329; x_wconf 74' lang='lat' dir='ltr'>Romani</span> <span class='ocrx_word' id='word_1_98' title='bbox 1452 300 1597 330; x_wconf 67' lang='lat' dir='ltr'>hesternae</span> <span class='ocrx_word' id='word_1_99' title='bbox 1631 302 1691 331; x_wconf 81' lang='lat' dir='ltr'>diei</span> <span class='ocrx_word' id='word_1_100' title='bbox 1724 303 1814 335; x_wconf 81' lang='lat' dir='ltr'>illum</span> 
     </span>
     <span class='ocr_line' id='line_1_22' title="bbox 1291 344 1814 383; baseline 0.011 -13"><span class='ocrx_word' id='word_1_101' title='bbox 1291 347 1492 381; x_wconf 76' lang='lat' dir='ltr'>gestaverunt</span> <span class='ocrx_word' id='word_1_102' title='bbox 1506 344 1608 381; x_wconf 77' lang='lat' dir='ltr'>capite</span> <span class='ocrx_word' id='word_1_103' title='bbox 1623 350 1734 383; x_wconf 79' lang='lat' dir='ltr'>operto,</span> <span class='ocrx_word' id='word_1_104' title='bbox 1783 348 1814 378; x_wconf 93' lang='grc' dir='ltr'><strong>Ο</strong></span> 
     </span>
     <span class='ocr_line' id='line_1_23' title="bbox 1295 385 1813 429; baseline 0.006 -16"><span class='ocrx_word' id='word_1_105' title='bbox 1295 385 1431 423; x_wconf 66' lang='lat' dir='ltr'>insirlix,</span> <span class='ocrx_word' id='word_1_106' title='bbox 1447 390 1580 416; x_wconf 79' lang='lat' dir='ltr'>attrecta</span> <span class='ocrx_word' id='word_1_107' title='bbox 1597 398 1700 426; x_wconf 73' lang='lat' dir='ltr'>renas,</span> <span class='ocrx_word' id='word_1_108' title='bbox 1722 392 1744 427; x_wconf 64' lang='lat'>⁸5</span> <span class='ocrx_word' id='word_1_109' title='bbox 1758 401 1813 429; x_wconf 86' lang='lat' dir='ltr'>ap-</span> 
     </span>
     <span class='ocr_line' id='line_1_24' title="bbox 1291 430 1812 466; baseline 0.017 -12"><span class='ocrx_word' id='word_1_110' title='bbox 1291 438 1370 466; x_wconf 81' lang='lat' dir='ltr'>pone</span> <span class='ocrx_word' id='word_1_111' title='bbox 1406 438 1527 459; x_wconf 79' lang='lat' dir='ltr'>manum</span> <span class='ocrx_word' id='word_1_112' title='bbox 1557 431 1600 460; x_wconf 88' lang='lat' dir='ltr'>ad</span> <span class='ocrx_word' id='word_1_113' title='bbox 1636 430 1788 462; x_wconf 77' lang='lat' dir='ltr'>thoracem</span> <span class='ocrx_word' id='word_1_114' title='bbox 1801 446 1812 463; x_wconf 87' lang='lat'>.-</span> 
     </span>
     <span class='ocr_line' id='line_1_25' title="bbox 1295 470 1818 517; baseline 0.013 -17"><span class='ocrx_word' id='word_1_115' title='bbox 1295 470 1362 501; x_wconf 75' lang='lat' dir='ltr'>illic</span> <span class='ocrx_word' id='word_1_116' title='bbox 1379 472 1456 502; x_wconf 76' lang='lat' dir='ltr'>nihil</span> <span class='ocrx_word' id='word_1_117' title='bbox 1478 473 1585 502; x_wconf 75' lang='lat' dir='ltr'>caloris</span> <span class='ocrx_word' id='word_1_118' title='bbox 1608 477 1662 503; x_wconf 81' lang='lat' dir='ltr'>est.</span> <span class='ocrx_word' id='word_1_119' title='bbox 1713 475 1818 517; x_wconf 82' lang='lat' dir='ltr'>Tange</span> 
     </span>
     <span class='ocr_line' id='line_1_26' title="bbox 1295 516 1816 556; baseline 0.012 -13"><span class='ocrx_word' id='word_1_120' title='bbox 1295 519 1446 545; x_wconf 67' lang='lat' dir='ltr'>eaetremas</span> <span class='ocrx_word' id='word_1_121' title='bbox 1461 516 1553 546; x_wconf 69' lang='lat' dir='ltr'>etisrm</span> <span class='ocrx_word' id='word_1_122' title='bbox 1572 519 1700 554; x_wconf 77' lang='lat' dir='ltr'><em>plantas</em></span> <span class='ocrx_word' id='word_1_123' title='bbox 1714 520 1736 556; x_wconf 64' lang='grc' dir='ltr'>ᾅ-</span> <span class='ocrx_word' id='word_1_124' title='bbox 1751 530 1816 550; x_wconf 84' lang='lat' dir='ltr'>ma-</span> 
     </span>
     <span class='ocr_line' id='line_1_27' title="bbox 1204 558 1818 614; baseline 0.011 -28"><span class='ocrx_word' id='word_1_125' title='bbox 1204 574 1218 614; x_wconf 71' lang='lat' dir='ltr'>l</span> <span class='ocrx_word' id='word_1_126' title='bbox 1233 573 1283 614; x_wconf 68' lang='lat'>10</span> <span class='ocrx_word' id='word_1_127' title='bbox 1296 567 1360 588; x_wconf 67' lang='lat' dir='ltr'>nus.</span> <span class='ocrx_word' id='word_1_128' title='bbox 1386 558 1455 588; x_wconf 86' lang='lat' dir='ltr'>Non</span> <span class='ocrx_word' id='word_1_129' title='bbox 1467 559 1685 600; x_wconf 69' lang='lat' dir='ltr'>mntfrigidoe.</span> <span class='ocrx_word' id='word_1_130' title='bbox 1713 561 1818 594; x_wconf 84' lang='lat' dir='ltr'>Quan-</span> 
     </span>
    </p>

    <p class='ocr_par' dir='ltr' id='par_1_12' title="bbox 1293 602 1822 858">
     <span class='ocr_line' id='line_1_28' title="bbox 1295 602 1818 643; baseline 0.01 -13"><span class='ocrx_word' id='word_1_131' title='bbox 1295 602 1332 630; x_wconf 78' lang='lat' dir='ltr'>clo</span> <span class='ocrx_word' id='word_1_132' title='bbox 1348 612 1419 631; x_wconf 79' lang='lat' dir='ltr'>casu</span> <span class='ocrx_word' id='word_1_133' title='bbox 1436 604 1614 641; x_wconf 77' lang='lat' dir='ltr'>apparuerit</span> <span class='ocrx_word' id='word_1_134' title='bbox 1632 609 1793 643; x_wconf 71' lang='lat' dir='ltr'>argentum</span> <span class='ocrx_word' id='word_1_135' title='bbox 1802 618 1818 643; x_wconf 81' lang='lat'>,-</span> 
     </span>
     <span class='ocr_line' id='line_1_29' title="bbox 1293 645 1818 683; baseline 0.011 -10"><span class='ocrx_word' id='word_1_136' title='bbox 1293 654 1345 674; x_wconf 69' lang='lat' dir='ltr'>seu</span> <span class='ocrx_word' id='word_1_137' title='bbox 1369 645 1479 683; x_wconf 81' lang='lat' dir='ltr'>pulcra</span> <span class='ocrx_word' id='word_1_138' title='bbox 1504 646 1596 674; x_wconf 79' lang='lat' dir='ltr'>ricini</span> <span class='ocrx_word' id='word_1_139' title='bbox 1607 646 1682 682; x_wconf 79' lang='lat' dir='ltr'>filia</span> <span class='ocrx_word' id='word_1_140' title='bbox 1708 647 1818 679; x_wconf 82' lang='lat' dir='ltr'>leniter</span> 
     </span>
     <span class='ocr_line' id='line_1_30' title="bbox 1293 689 1819 728; baseline 0.011 -12"><span class='ocrx_word' id='word_1_141' title='bbox 1293 689 1411 725; x_wconf 78' lang='lat' dir='ltr'>arrisit,</span> <span class='ocrx_word' id='word_1_142' title='bbox 1425 698 1467 718; x_wconf 88' lang='lat' dir='ltr'>an</span> <span class='ocrx_word' id='word_1_143' title='bbox 1485 690 1657 728; x_wconf 71' lang='lat' dir='ltr'>proecordia</span> <span class='ocrx_word' id='word_1_144' title='bbox 1669 690 1743 720; x_wconf 73' lang='lat' dir='ltr'>hem}</span> <span class='ocrx_word' id='word_1_145' title='bbox 1760 693 1819 723; x_wconf 73' lang='lat' dir='ltr'>tihi</span> 
     </span>
     <span class='ocr_line' id='line_1_31' title="bbox 1294 731 1818 772; baseline 0.01 -12"><span class='ocrx_word' id='word_1_146' title='bbox 1294 731 1437 761; x_wconf 75' lang='lat' dir='ltr'>exultant</span> <span class='ocrx_word' id='word_1_147' title='bbox 1452 731 1466 760; x_wconf 61' lang='grc' dir='ltr'>,θ</span> <span class='ocrx_word' id='word_1_148' title='bbox 1505 732 1537 762; x_wconf 89' lang='lat' dir='ltr'>Si</span> <span class='ocrx_word' id='word_1_149' title='bbox 1556 733 1636 762; x_wconf 78' lang='lat' dir='ltr'>forte</span> <span class='ocrx_word' id='word_1_150' title='bbox 1652 736 1818 772; x_wconf 79' lang='lat' dir='ltr'>apponitur</span> 
     </span>
     <span class='ocr_line' id='line_1_32' title="bbox 1294 773 1818 815; baseline 0.011 -13"><span class='ocrx_word' id='word_1_151' title='bbox 1294 773 1386 804; x_wconf 80' lang='lat' dir='ltr'>herba</span> <span class='ocrx_word' id='word_1_152' title='bbox 1398 776 1476 804; x_wconf 64' lang='lat' dir='ltr'>male</span> <span class='ocrx_word' id='word_1_153' title='bbox 1492 780 1579 805; x_wconf 80' lang='lat' dir='ltr'>cocta</span> <span class='ocrx_word' id='word_1_154' title='bbox 1602 777 1634 806; x_wconf 89' lang='lat' dir='ltr'>in</span> <span class='ocrx_word' id='word_1_155' title='bbox 1651 775 1818 815; x_wconf 40' lang='lat' dir='ltr'>lance-fii-</span> 
     </span>
     <span class='ocr_line' id='line_1_33' title="bbox 1295 817 1822 858; baseline 0.015 -12"><span class='ocrx_word' id='word_1_156' title='bbox 1295 817 1326 846; x_wconf 81' lang='lat' dir='ltr'>in</span> <span class='ocrx_word' id='word_1_157' title='bbox 1344 828 1392 848; x_wconf 84' lang='lat' dir='ltr'>ore</span> <span class='ocrx_word' id='word_1_158' title='bbox 1408 817 1542 848; x_wconf 77' lang='lat' dir='ltr'>delicato</span> <span class='ocrx_word' id='word_1_159' title='bbox 1556 820 1665 850; x_wconf 72' lang='lat' dir='ltr'>vulnus</span> <span class='ocrx_word' id='word_1_160' title='bbox 1665 820 1822 858; x_wconf 76' lang='lat' dir='ltr'>foetidam</span> 
     </span>
    </p>
   </div>
   <div class='ocr_carea' id='block_1_9' title="bbox 887 919 1018 927">
    <p class='ocr_par' dir='ltr' id='par_1_13' title="bbox 887 919 1018 927">
     <span class='ocr_line' id='line_1_34' title="bbox 887 919 1018 927; baseline 0 0"><span class='ocrx_word' id='word_1_161' title='bbox 887 919 1018 927; x_wconf 95' lang='lat' dir='ltr'> </span> 
     </span>
    </p>
   </div>
   <div class='ocr_carea' id='block_1_10' title="bbox 81 990 930 3141">
    <p class='ocr_par' dir='ltr' id='par_1_14' title="bbox 86 990 928 1076">
     <span class='ocr_line' id='line_1_35' title="bbox 129 990 928 1034; baseline -0.004 -11"><span class='ocrx_word' id='word_1_162' title='bbox 129 995 201 1025; x_wconf 86' lang='lat'>104.</span> <span class='ocrx_word' id='word_1_163' title='bbox 225 992 372 1034; x_wconf 79' lang='lat' dir='ltr'>Lutatus]</span> <span class='ocrx_word' id='word_1_164' title='bbox 394 992 574 1034; x_wconf 85' lang='lat' dir='ltr'>Pinguibus</span> <span class='ocrx_word' id='word_1_165' title='bbox 599 992 775 1032; x_wconf 84' lang='lat' dir='ltr'>unguentis</span> <span class='ocrx_word' id='word_1_166' title='bbox 799 996 838 1021; x_wconf 91' lang='lat' dir='ltr'>ut</span> <span class='ocrx_word' id='word_1_167' title='bbox 857 990 928 1021; x_wconf 91' lang='lat' dir='ltr'>luto</span> 
     </span>
     <span class='ocr_line' id='line_1_36' title="bbox 86 1038 229 1076; baseline -0.007 -9"><span class='ocrx_word' id='word_1_168' title='bbox 86 1038 229 1076; x_wconf 84' lang='lat' dir='ltr'>perlitus.</span> 
     </span>
    </p>

    <p class='ocr_par' dir='ltr' id='par_1_15' title="bbox 85 1077 928 1206">
     <span class='ocr_line' id='line_1_37' title="bbox 129 1077 928 1120; baseline -0.004 -10"><span class='ocrx_word' id='word_1_169' title='bbox 129 1081 270 1120; x_wconf 84' lang='lat' dir='ltr'>Amomo]</span> <span class='ocrx_word' id='word_1_170' title='bbox 293 1081 449 1111; x_wconf 82' lang='lat' dir='ltr'>Amomum</span> <span class='ocrx_word' id='word_1_171' title='bbox 462 1080 571 1111; x_wconf 81' lang='lat' dir='ltr'>frutex</span> <span class='ocrx_word' id='word_1_172' title='bbox 589 1079 741 1118; x_wconf 86' lang='lat' dir='ltr'>exiguus,</span> <span class='ocrx_word' id='word_1_173' title='bbox 754 1077 928 1117; x_wconf 80' lang='lat' dir='ltr'>exquisitis</span> 
     </span>
     <span class='ocr_line' id='line_1_38' title="bbox 85 1122 925 1165; baseline -0.004 -12"><span class='ocrx_word' id='word_1_174' title='bbox 85 1126 223 1155; x_wconf 77' lang='lat' dir='ltr'>serviens</span> <span class='ocrx_word' id='word_1_175' title='bbox 242 1125 428 1165; x_wconf 82' lang='lat' dir='ltr'>unguentis.</span> <span class='ocrx_word' id='word_1_176' title='bbox 462 1122 639 1154; x_wconf 86' lang='lat' dir='ltr'>Dioscorid.</span> <span class='ocrx_word' id='word_1_177' title='bbox 664 1122 718 1152; x_wconf 85' lang='lat' dir='ltr'>lib.</span> <span class='ocrx_word' id='word_1_178' title='bbox 737 1123 765 1151; x_wconf 94' lang='lat'>1.</span> <span class='ocrx_word' id='word_1_179' title='bbox 782 1131 853 1160; x_wconf 81' lang='lat' dir='ltr'>cap.</span> <span class='ocrx_word' id='word_1_180' title='bbox 875 1123 925 1151; x_wconf 87' lang='lat'>14.</span> 
     </span>
     <span class='ocr_line' id='line_1_39' title="bbox 85 1165 463 1206; baseline 0 -9"><span class='ocrx_word' id='word_1_181' title='bbox 85 1165 170 1202; x_wconf 73' lang='lat' dir='ltr'>Plin-</span> <span class='ocrx_word' id='word_1_182' title='bbox 186 1167 240 1198; x_wconf 89' lang='lat' dir='ltr'>lib.</span> <span class='ocrx_word' id='word_1_183' title='bbox 259 1170 309 1198; x_wconf 81' lang='lat'>12.</span> <span class='ocrx_word' id='word_1_184' title='bbox 325 1178 394 1206; x_wconf 86' lang='lat' dir='ltr'>cap.</span> <span class='ocrx_word' id='word_1_185' title='bbox 414 1168 463 1197; x_wconf 77' lang='lat'>13.</span> 
     </span>
    </p>

    <p class='ocr_par' dir='ltr' id='par_1_16' title="bbox 85 1205 930 1457">
     <span class='ocr_line' id='line_1_40' title="bbox 133 1205 929 1250; baseline -0.006 -10"><span class='ocrx_word' id='word_1_186' title='bbox 133 1211 203 1240; x_wconf 85' lang='lat'>105.</span> <span class='ocrx_word' id='word_1_187' title='bbox 228 1211 264 1240; x_wconf 86' lang='lat' dir='ltr'>In</span> <span class='ocrx_word' id='word_1_188' title='bbox 276 1210 414 1250; x_wconf 86' lang='lat' dir='ltr'>portam]</span> <span class='ocrx_word' id='word_1_189' title='bbox 443 1210 530 1244; x_wconf 84' lang='lat' dir='ltr'>Quia</span> <span class='ocrx_word' id='word_1_190' title='bbox 554 1215 678 1248; x_wconf 82' lang='lat' dir='ltr'>portam</span> <span class='ocrx_word' id='word_1_191' title='bbox 705 1208 826 1238; x_wconf 84' lang='lat' dir='ltr'>Persius</span> <span class='ocrx_word' id='word_1_192' title='bbox 851 1205 929 1236; x_wconf 88' lang='lat' dir='ltr'>dicit</span> 
     </span>
     <span class='ocr_line' id='line_1_41' title="bbox 85 1251 928 1293; baseline -0.006 -10"><span class='ocrx_word' id='word_1_193' title='bbox 85 1260 227 1293; x_wconf 82' lang='lat' dir='ltr'>arguunt</span> <span class='ocrx_word' id='word_1_194' title='bbox 253 1255 354 1293; x_wconf 80' lang='lat' dir='ltr'>aliqui</span> <span class='ocrx_word' id='word_1_195' title='bbox 380 1260 471 1284; x_wconf 78' lang='lat' dir='ltr'>extra</span> <span class='ocrx_word' id='word_1_196' title='bbox 498 1253 612 1283; x_wconf 87' lang='lat' dir='ltr'>urbem</span> <span class='ocrx_word' id='word_1_197' title='bbox 637 1251 739 1281; x_wconf 85' lang='lat' dir='ltr'>efferri</span> <span class='ocrx_word' id='word_1_198' title='bbox 771 1253 928 1288; x_wconf 83' lang='lat' dir='ltr'>mortuos,</span> 
     </span>
     <span class='ocr_line' id='line_1_42' title="bbox 87 1293 930 1334; baseline -0.007 -7"><span class='ocrx_word' id='word_1_199' title='bbox 87 1298 116 1326; x_wconf 68' lang='grc' dir='ltr'>ὅ(</span> <span class='ocrx_word' id='word_1_200' title='bbox 132 1298 292 1327; x_wconf 84' lang='lat' dir='ltr'>incassum</span> <span class='ocrx_word' id='word_1_201' title='bbox 310 1298 413 1327; x_wconf 86' lang='lat' dir='ltr'>multa</span> <span class='ocrx_word' id='word_1_202' title='bbox 429 1298 482 1326; x_wconf 80' lang='lat' dir='ltr'>hic</span> <span class='ocrx_word' id='word_1_203' title='bbox 505 1301 702 1334; x_wconf 87' lang='lat' dir='ltr'>congerunt:</span> <span class='ocrx_word' id='word_1_204' title='bbox 727 1293 783 1323; x_wconf 86' lang='lat' dir='ltr'>sed</span> <span class='ocrx_word' id='word_1_205' title='bbox 809 1293 930 1323; x_wconf 82' lang='lat' dir='ltr'>intelli-</span> 
     </span>
     <span class='ocr_line' id='line_1_43' title="bbox 86 1337 927 1379; baseline -0.005 -10"><span class='ocrx_word' id='word_1_206' title='bbox 86 1340 210 1379; x_wconf 78' lang='lat' dir='ltr'>gendus</span> <span class='ocrx_word' id='word_1_207' title='bbox 235 1342 325 1370; x_wconf 88' lang='lat' dir='ltr'>locus</span> <span class='ocrx_word' id='word_1_208' title='bbox 346 1341 388 1370; x_wconf 88' lang='lat' dir='ltr'>de</span> <span class='ocrx_word' id='word_1_209' title='bbox 409 1341 511 1378; x_wconf 88' lang='lat' dir='ltr'>janua</span> <span class='ocrx_word' id='word_1_210' title='bbox 526 1339 639 1368; x_wconf 80' lang='lat' dir='ltr'>dormis</span> <span class='ocrx_word' id='word_1_211' title='bbox 664 1337 703 1367; x_wconf 90' lang='lat' dir='ltr'>ad</span> <span class='ocrx_word' id='word_1_212' title='bbox 727 1346 826 1376; x_wconf 81' lang='lat' dir='ltr'>quain</span> <span class='ocrx_word' id='word_1_213' title='bbox 843 1346 927 1366; x_wconf 90' lang='lat' dir='ltr'>mor-</span> 
     </span>
     <span class='ocr_line' id='line_1_44' title="bbox 85 1380 928 1414; baseline -0.004 -2"><span class='ocrx_word' id='word_1_214' title='bbox 85 1389 162 1412; x_wconf 81' lang='lat' dir='ltr'>tuus</span> <span class='ocrx_word' id='word_1_215' title='bbox 190 1383 244 1413; x_wconf 88' lang='lat' dir='ltr'>ille</span> <span class='ocrx_word' id='word_1_216' title='bbox 274 1384 456 1414; x_wconf 86' lang='lat' dir='ltr'>collocatus.</span> <span class='ocrx_word' id='word_1_217' title='bbox 502 1382 549 1412; x_wconf 87' lang='lat' dir='ltr'>Ita</span> <span class='ocrx_word' id='word_1_218' title='bbox 578 1381 790 1411; x_wconf 78' lang='lat' dir='ltr'>Casaubonus</span> <span class='ocrx_word' id='word_1_219' title='bbox 820 1380 847 1409; x_wconf 58' lang='grc' dir='ltr'>ὃς</span> <span class='ocrx_word' id='word_1_220' title='bbox 874 1381 928 1410; x_wconf 86' lang='lat' dir='ltr'>alii</span> 
     </span>
     <span class='ocr_line' id='line_1_45' title="bbox 85 1424 271 1457; baseline 0.011 -2"><span class='ocrx_word' id='word_1_221' title='bbox 85 1424 271 1457; x_wconf 77' lang='lat' dir='ltr'>doctissimi.</span> 
     </span>
    </p>

    <p class='ocr_par' dir='ltr' id='par_1_17' title="bbox 84 1466 928 1682">
     <span class='ocr_line' id='line_1_46' title="bbox 128 1466 927 1510; baseline -0.001 -12"><span class='ocrx_word' id='word_1_222' title='bbox 128 1468 168 1498; x_wconf 78' lang='lat' dir='ltr'>In</span> <span class='ocrx_word' id='word_1_223' title='bbox 195 1473 318 1508; x_wconf 85' lang='lat' dir='ltr'>portam</span> <span class='ocrx_word' id='word_1_224' title='bbox 354 1468 470 1510; x_wconf 81' lang='lat' dir='ltr'>rigidos</span> <span class='ocrx_word' id='word_1_225' title='bbox 498 1467 597 1497; x_wconf 77' lang='lat' dir='ltr'>calces</span> <span class='ocrx_word' id='word_1_226' title='bbox 626 1466 778 1505; x_wconf 75' lang='lat' dir='ltr'>extendit]</span> <span class='ocrx_word' id='word_1_227' title='bbox 818 1466 927 1497; x_wconf 83' lang='lat' dir='ltr'>Versis</span> 
     </span>
     <span class='ocr_line' id='line_1_47' title="bbox 85 1511 928 1551; baseline -0.001 -10"><span class='ocrx_word' id='word_1_228' title='bbox 85 1511 206 1551; x_wconf 69' lang='lat' dir='ltr'>nempe</span> <span class='ocrx_word' id='word_1_229' title='bbox 226 1513 258 1542; x_wconf 88' lang='lat' dir='ltr'>in</span> <span class='ocrx_word' id='word_1_230' title='bbox 277 1514 413 1551; x_wconf 82' lang='lat' dir='ltr'>januam</span> <span class='ocrx_word' id='word_1_231' title='bbox 436 1511 579 1551; x_wconf 84' lang='lat' dir='ltr'>pedibus.</span> <span class='ocrx_word' id='word_1_232' title='bbox 626 1511 700 1540; x_wconf 83' lang='lat' dir='ltr'>Mos</span> <span class='ocrx_word' id='word_1_233' title='bbox 717 1516 782 1539; x_wconf 89' lang='lat' dir='ltr'>erat</span> <span class='ocrx_word' id='word_1_234' title='bbox 805 1512 928 1549; x_wconf 82' lang='lat' dir='ltr'>exponi</span> 
     </span>
     <span class='ocr_line' id='line_1_48' title="bbox 86 1553 927 1594; baseline -0.001 -11"><span class='ocrx_word' id='word_1_235' title='bbox 86 1553 258 1586; x_wconf 84' lang='lat' dir='ltr'>defunctos</span> <span class='ocrx_word' id='word_1_236' title='bbox 274 1558 302 1586; x_wconf 68' lang='lat' dir='ltr'>dc</span> <span class='ocrx_word' id='word_1_237' title='bbox 320 1556 424 1586; x_wconf 85' lang='lat' dir='ltr'>efferri</span> <span class='ocrx_word' id='word_1_238' title='bbox 442 1556 556 1594; x_wconf 85' lang='lat' dir='ltr'>pariter</span> <span class='ocrx_word' id='word_1_239' title='bbox 573 1553 826 1593; x_wconf 66' lang='lat' dir='ltr'>praecedentibus</span> <span class='ocrx_word' id='word_1_240' title='bbox 839 1554 927 1592; x_wconf 87' lang='lat' dir='ltr'>pedi-</span> 
     </span>
     <span class='ocr_line' id='line_1_49' title="bbox 85 1596 928 1637; baseline -0.004 -10"><span class='ocrx_word' id='word_1_241' title='bbox 85 1596 158 1628; x_wconf 92' lang='lat' dir='ltr'>bus.</span> <span class='ocrx_word' id='word_1_242' title='bbox 195 1598 392 1629; x_wconf 85' lang='lat' dir='ltr'>Plin.lib.7.</span> <span class='ocrx_word' id='word_1_243' title='bbox 409 1608 478 1637; x_wconf 87' lang='lat' dir='ltr'>cap.</span> <span class='ocrx_word' id='word_1_244' title='bbox 501 1598 534 1627; x_wconf 85' lang='grc'>8.</span> <span class='ocrx_word' id='word_1_245' title='bbox 581 1598 657 1627; x_wconf 77' lang='lat' dir='ltr'>Ritu</span> <span class='ocrx_word' id='word_1_246' title='bbox 682 1600 799 1625; x_wconf 72' lang='lat' dir='ltr'>natura&gt;</span> <span class='ocrx_word' id='word_1_247' title='bbox 827 1596 928 1636; x_wconf 80' lang='lat' dir='ltr'>capite</span> 
     </span>
     <span class='ocr_line' id='line_1_50' title="bbox 84 1638 754 1682; baseline -0.001 -13"><span class='ocrx_word' id='word_1_248' title='bbox 84 1638 233 1671; x_wconf 75' lang='lat' dir='ltr'>hominem</span> <span class='ocrx_word' id='word_1_249' title='bbox 245 1642 339 1682; x_wconf 76' lang='lat' dir='ltr'>gigni</span> <span class='ocrx_word' id='word_1_250' title='bbox 354 1652 415 1670; x_wconf 87' lang='lat' dir='ltr'>mos</span> <span class='ocrx_word' id='word_1_251' title='bbox 428 1645 485 1677; x_wconf 81' lang='lat' dir='ltr'>est,</span> <span class='ocrx_word' id='word_1_252' title='bbox 498 1641 626 1679; x_wconf 76' lang='lat' dir='ltr'>pedibus</span> <span class='ocrx_word' id='word_1_253' title='bbox 643 1639 754 1677; x_wconf 60' lang='lat' dir='ltr'>efferri.</span> 
     </span>
    </p>

    <p class='ocr_par' dir='ltr' id='par_1_18' title="bbox 84 1683 928 1801">
     <span class='ocr_line' id='line_1_51' title="bbox 132 1683 926 1721; baseline -0.003 -7"><span class='ocrx_word' id='word_1_254' title='bbox 132 1684 204 1716; x_wconf 84' lang='lat'>106.</span> <span class='ocrx_word' id='word_1_255' title='bbox 228 1686 375 1714; x_wconf 73' lang='lat' dir='ltr'>Hesterni</span> <span class='ocrx_word' id='word_1_256' title='bbox 393 1683 541 1721; x_wconf 76' lang='lat' dir='ltr'>Quirites]</span> <span class='ocrx_word' id='word_1_257' title='bbox 565 1683 768 1721; x_wconf 78' lang='lat' dir='ltr'>Servinuper</span> <span class='ocrx_word' id='word_1_258' title='bbox 784 1683 822 1712; x_wconf 91' lang='lat' dir='ltr'>ab</span> <span class='ocrx_word' id='word_1_259' title='bbox 838 1692 876 1712; x_wconf 88' lang='lat' dir='ltr'>eo</span> <span class='ocrx_word' id='word_1_260' title='bbox 891 1684 926 1713; x_wconf 88' lang='lat' dir='ltr'>li-</span> 
     </span>
     <span class='ocr_line' id='line_1_52' title="bbox 84 1725 928 1767; baseline -0.001 -11"><span class='ocrx_word' id='word_1_261' title='bbox 84 1726 209 1758; x_wconf 83' lang='lat' dir='ltr'>bertate</span> <span class='ocrx_word' id='word_1_262' title='bbox 223 1727 348 1766; x_wconf 80' lang='lat' dir='ltr'>donati,</span> <span class='ocrx_word' id='word_1_263' title='bbox 373 1729 402 1758; x_wconf 67' lang='grc' dir='ltr'>δι</span> <span class='ocrx_word' id='word_1_264' title='bbox 419 1727 518 1767; x_wconf 85' lang='lat' dir='ltr'>paulo</span> <span class='ocrx_word' id='word_1_265' title='bbox 541 1727 619 1756; x_wconf 77' lang='lat' dir='ltr'>ante</span> <span class='ocrx_word' id='word_1_266' title='bbox 634 1735 670 1755; x_wconf 89' lang='lat' dir='ltr'>ac</span> <span class='ocrx_word' id='word_1_267' title='bbox 686 1732 830 1755; x_wconf 82' lang='lat' dir='ltr'>recenter</span> <span class='ocrx_word' id='word_1_268' title='bbox 852 1725 928 1756; x_wconf 86' lang='lat' dir='ltr'>facti</span> 
     </span>
     <span class='ocr_line' id='line_1_53' title="bbox 85 1770 334 1801; baseline 0.008 -2"><span class='ocrx_word' id='word_1_269' title='bbox 85 1770 170 1800; x_wconf 85' lang='lat' dir='ltr'>cives</span> <span class='ocrx_word' id='word_1_270' title='bbox 187 1770 334 1801; x_wconf 87' lang='lat' dir='ltr'>Romani.</span> 
     </span>
    </p>

    <p class='ocr_par' dir='ltr' id='par_1_19' title="bbox 82 1812 927 2188">
     <span class='ocr_line' id='line_1_54' title="bbox 127 1812 927 1852; baseline 0 -11"><span class='ocrx_word' id='word_1_271' title='bbox 127 1812 269 1852; x_wconf 62' lang='lat' dir='ltr'>Subiere]</span> <span class='ocrx_word' id='word_1_272' title='bbox 291 1815 362 1844; x_wconf 90' lang='lat' dir='ltr'>Aut</span> <span class='ocrx_word' id='word_1_273' title='bbox 390 1822 574 1852; x_wconf 85' lang='lat' dir='ltr'>praecessere</span> <span class='ocrx_word' id='word_1_274' title='bbox 601 1812 714 1850; x_wconf 88' lang='lat' dir='ltr'>funus,</span> <span class='ocrx_word' id='word_1_275' title='bbox 737 1818 794 1842; x_wconf 88' lang='lat' dir='ltr'>aut</span> <span class='ocrx_word' id='word_1_276' title='bbox 822 1817 927 1851; x_wconf 86' lang='lat' dir='ltr'>porta-</span> 
     </span>
     <span class='ocr_line' id='line_1_55' title="bbox 85 1855 926 1895; baseline -0.001 -10"><span class='ocrx_word' id='word_1_277' title='bbox 85 1855 170 1887; x_wconf 71' lang='lat' dir='ltr'>vere.</span> <span class='ocrx_word' id='word_1_278' title='bbox 202 1857 276 1887; x_wconf 89' lang='lat' dir='ltr'>Mos</span> <span class='ocrx_word' id='word_1_279' title='bbox 290 1860 357 1887; x_wconf 84' lang='lat' dir='ltr'>erat</span> <span class='ocrx_word' id='word_1_280' title='bbox 374 1863 411 1886; x_wconf 89' lang='lat' dir='ltr'>ut</span> <span class='ocrx_word' id='word_1_281' title='bbox 425 1856 532 1886; x_wconf 83' lang='lat' dir='ltr'>liberti</span> <span class='ocrx_word' id='word_1_282' title='bbox 545 1856 708 1894; x_wconf 78' lang='lat' dir='ltr'>prodirent</span> <span class='ocrx_word' id='word_1_283' title='bbox 722 1856 836 1895; x_wconf 86' lang='lat' dir='ltr'>pileati</span> <span class='ocrx_word' id='word_1_284' title='bbox 852 1857 926 1885; x_wconf 76' lang='lat' dir='ltr'>ante</span> 
     </span>
     <span class='ocr_line' id='line_1_56' title="bbox 84 1899 926 1939; baseline 0.001 -11"><span class='ocrx_word' id='word_1_285' title='bbox 84 1908 202 1939; x_wconf 86' lang='lat' dir='ltr'>corpus</span> <span class='ocrx_word' id='word_1_286' title='bbox 224 1899 475 1930; x_wconf 81' lang='lat' dir='ltr'>manumissoris,</span> <span class='ocrx_word' id='word_1_287' title='bbox 520 1899 570 1928; x_wconf 86' lang='lat' dir='ltr'>Ita</span> <span class='ocrx_word' id='word_1_288' title='bbox 596 1905 688 1928; x_wconf 86' lang='lat' dir='ltr'>vetus</span> <span class='ocrx_word' id='word_1_289' title='bbox 711 1899 834 1928; x_wconf 84' lang='lat' dir='ltr'>Glossa.</span> <span class='ocrx_word' id='word_1_290' title='bbox 879 1900 926 1929; x_wconf 85' lang='lat' dir='ltr'>At</span> 
     </span>
     <span class='ocr_line' id='line_1_57' title="bbox 84 1942 926 1980; baseline 0 -8"><span class='ocrx_word' id='word_1_291' title='bbox 84 1942 249 1973; x_wconf 88' lang='lat' dir='ltr'>observare</span> <span class='ocrx_word' id='word_1_292' title='bbox 277 1943 350 1975; x_wconf 88' lang='lat' dir='ltr'>lieet</span> <span class='ocrx_word' id='word_1_293' title='bbox 373 1952 450 1972; x_wconf 91' lang='lat' dir='ltr'>cum</span> <span class='ocrx_word' id='word_1_294' title='bbox 477 1942 681 1977; x_wconf 84' lang='lat' dir='ltr'>Casaubono,</span> <span class='ocrx_word' id='word_1_295' title='bbox 717 1943 789 1971; x_wconf 76' lang='lat' dir='ltr'>curu</span> <span class='ocrx_word' id='word_1_296' title='bbox 819 1942 926 1980; x_wconf 89' lang='lat' dir='ltr'>plures</span> 
     </span>
     <span class='ocr_line' id='line_1_58' title="bbox 84 1985 926 2025; baseline 0.001 -11"><span class='ocrx_word' id='word_1_297' title='bbox 84 1992 176 2016; x_wconf 87' lang='lat' dir='ltr'>erant</span> <span class='ocrx_word' id='word_1_298' title='bbox 200 1986 316 2025; x_wconf 87' lang='lat' dir='ltr'>liberti,</span> <span class='ocrx_word' id='word_1_299' title='bbox 342 1986 421 2016; x_wconf 89' lang='lat' dir='ltr'>alios</span> <span class='ocrx_word' id='word_1_300' title='bbox 444 1985 598 2015; x_wconf 84' lang='lat' dir='ltr'>feretrum</span> <span class='ocrx_word' id='word_1_301' title='bbox 630 1993 762 2024; x_wconf 83' lang='lat' dir='ltr'>gestare,</span> <span class='ocrx_word' id='word_1_302' title='bbox 786 1985 863 2014; x_wconf 86' lang='lat' dir='ltr'>alios</span> <span class='ocrx_word' id='word_1_303' title='bbox 887 1985 926 2015; x_wconf 90' lang='lat' dir='ltr'>ad</span> 
     </span>
     <span class='ocr_line' id='line_1_59' title="bbox 84 2028 925 2068; baseline 0.001 -11"><span class='ocrx_word' id='word_1_304' title='bbox 84 2028 167 2059; x_wconf 88' lang='lat' dir='ltr'>latus</span> <span class='ocrx_word' id='word_1_305' title='bbox 189 2030 361 2068; x_wconf 82' lang='lat' dir='ltr'>procedere</span> <span class='ocrx_word' id='word_1_306' title='bbox 382 2031 411 2059; x_wconf 70' lang='lat' dir='ltr'>&lt;Sc</span> <span class='ocrx_word' id='word_1_307' title='bbox 435 2029 557 2059; x_wconf 85' lang='lat' dir='ltr'>ambire</span> <span class='ocrx_word' id='word_1_308' title='bbox 573 2029 690 2058; x_wconf 85' lang='lat' dir='ltr'>solitos.</span> <span class='ocrx_word' id='word_1_309' title='bbox 738 2028 832 2059; x_wconf 78' lang='lat' dir='ltr'>Certe</span> <span class='ocrx_word' id='word_1_310' title='bbox 847 2038 925 2066; x_wconf 76' lang='lat' dir='ltr'>vox,</span> 
     </span>
     <span class='ocr_line' id='line_1_60' title="bbox 82 2071 925 2112; baseline 0.001 -12"><span class='ocrx_word' id='word_1_311' title='bbox 82 2071 206 2107; x_wconf 78' lang='lat' dir='ltr'>subire;</span> <span class='ocrx_word' id='word_1_312' title='bbox 227 2073 383 2112; x_wconf 80' lang='lat' dir='ltr'>significat</span> <span class='ocrx_word' id='word_1_313' title='bbox 397 2073 460 2102; x_wconf 91' lang='lat' dir='ltr'>hoc</span> <span class='ocrx_word' id='word_1_314' title='bbox 484 2072 582 2111; x_wconf 86' lang='lat' dir='ltr'>magis</span> <span class='ocrx_word' id='word_1_315' title='bbox 605 2071 704 2111; x_wconf 63' lang='lat' dir='ltr'>quaxn</span> <span class='ocrx_word' id='word_1_316' title='bbox 729 2072 830 2104; x_wconf 79' lang='lat' dir='ltr'>illud;</span> <span class='ocrx_word' id='word_1_317' title='bbox 858 2072 925 2111; x_wconf 72' lang='lat' dir='ltr'>imo</span> 
     </span>
     <span class='ocr_line' id='line_1_61' title="bbox 83 2114 925 2155; baseline 0.002 -13"><span class='ocrx_word' id='word_1_318' title='bbox 83 2116 178 2153; x_wconf 87' lang='lat' dir='ltr'>sequi</span> <span class='ocrx_word' id='word_1_319' title='bbox 192 2116 298 2154; x_wconf 79' lang='lat' dir='ltr'>potius</span> <span class='ocrx_word' id='word_1_320' title='bbox 310 2116 409 2155; x_wconf 79' lang='lat' dir='ltr'>quam</span> <span class='ocrx_word' id='word_1_321' title='bbox 421 2115 609 2154; x_wconf 65' lang='lat' dir='ltr'>praecedere,</span> <span class='ocrx_word' id='word_1_322' title='bbox 623 2114 823 2154; x_wconf 80' lang='lat' dir='ltr'>significaret,</span> <span class='ocrx_word' id='word_1_323' title='bbox 837 2116 925 2153; x_wconf 89' lang='lat' dir='ltr'>quod</span> 
     </span>
     <span class='ocr_line' id='line_1_62' title="bbox 84 2158 508 2188; baseline 0.002 -1"><span class='ocrx_word' id='word_1_324' title='bbox 84 2164 167 2187; x_wconf 81' lang='lat' dir='ltr'>esset</span> <span class='ocrx_word' id='word_1_325' title='bbox 180 2165 294 2188; x_wconf 87' lang='lat' dir='ltr'>contra</span> <span class='ocrx_word' id='word_1_326' title='bbox 306 2158 508 2188; x_wconf 86' lang='lat' dir='ltr'>institutum.</span> 
     </span>
    </p>

    <p class='ocr_par' dir='ltr' id='par_1_20' title="bbox 84 2199 924 2369">
     <span class='ocr_line' id='line_1_63' title="bbox 131 2199 923 2240; baseline 0 -11"><span class='ocrx_word' id='word_1_327' title='bbox 131 2199 242 2240; x_wconf 81' lang='lat' dir='ltr'>Capite</span> <span class='ocrx_word' id='word_1_328' title='bbox 255 2200 374 2239; x_wconf 81' lang='lat' dir='ltr'>induto]</span> <span class='ocrx_word' id='word_1_329' title='bbox 413 2199 510 2233; x_wconf 84' lang='lat' dir='ltr'>Quod</span> <span class='ocrx_word' id='word_1_330' title='bbox 533 2201 663 2239; x_wconf 84' lang='lat' dir='ltr'>signum</span> <span class='ocrx_word' id='word_1_331' title='bbox 692 2205 738 2230; x_wconf 88' lang='lat' dir='ltr'>est</span> <span class='ocrx_word' id='word_1_332' title='bbox 763 2201 923 2230; x_wconf 78' lang='lat' dir='ltr'>libertatis.</span> 
     </span>
     <span class='ocr_line' id='line_1_64' title="bbox 85 2241 924 2282; baseline 0.001 -10"><span class='ocrx_word' id='word_1_333' title='bbox 85 2241 172 2274; x_wconf 68' lang='lat' dir='ltr'>Cum</span> <span class='ocrx_word' id='word_1_334' title='bbox 188 2244 308 2282; x_wconf 71' lang='lat' dir='ltr'>nempe</span> <span class='ocrx_word' id='word_1_335' title='bbox 321 2244 403 2274; x_wconf 87' lang='lat' dir='ltr'>servi</span> <span class='ocrx_word' id='word_1_336' title='bbox 414 2243 738 2281; x_wconf 81' lang='lat' dir='ltr'>manumittebantur,</span> <span class='ocrx_word' id='word_1_337' title='bbox 754 2244 788 2272; x_wconf 90' lang='lat' dir='ltr'>in</span> <span class='ocrx_word' id='word_1_338' title='bbox 800 2245 924 2282; x_wconf 86' lang='lat' dir='ltr'>templo</span> 
     </span>
     <span class='ocr_line' id='line_1_65' title="bbox 84 2285 924 2326; baseline 0.001 -10"><span class='ocrx_word' id='word_1_339' title='bbox 84 2285 230 2317; x_wconf 87' lang='lat' dir='ltr'>Feroniae</span> <span class='ocrx_word' id='word_1_340' title='bbox 255 2287 443 2317; x_wconf 87' lang='lat' dir='ltr'>libertorum</span> <span class='ocrx_word' id='word_1_341' title='bbox 469 2286 564 2324; x_wconf 78' lang='lat' dir='ltr'>Deae,</span> <span class='ocrx_word' id='word_1_342' title='bbox 589 2295 658 2316; x_wconf 93' lang='lat' dir='ltr'>raso</span> <span class='ocrx_word' id='word_1_343' title='bbox 674 2287 780 2326; x_wconf 85' lang='lat' dir='ltr'>capite</span> <span class='ocrx_word' id='word_1_344' title='bbox 800 2287 924 2325; x_wconf 83' lang='lat' dir='ltr'>pileum</span> 
     </span>
     <span class='ocr_line' id='line_1_66' title="bbox 84 2329 299 2369; baseline 0.014 -11"><span class='ocrx_word' id='word_1_345' title='bbox 84 2329 299 2369; x_wconf 87' lang='lat' dir='ltr'>accipiebant.</span> 
     </span>
    </p>

    <p class='ocr_par' dir='ltr' id='par_1_21' title="bbox 83 2370 420 2411">
     <span class='ocr_line' id='line_1_67' title="bbox 83 2370 420 2411; baseline 0.003 -10"><span class='ocrx_word' id='word_1_346' title='bbox 83 2370 189 2404; x_wconf 87' lang='lat' dir='ltr'>Plaut.</span> <span class='ocrx_word' id='word_1_347' title='bbox 205 2374 238 2403; x_wconf 90' lang='lat' dir='ltr'>in</span> <span class='ocrx_word' id='word_1_348' title='bbox 253 2372 420 2411; x_wconf 83' lang='lat' dir='ltr'>Amphitr.</span> 
     </span>
    </p>

    <p class='ocr_par' dir='ltr' id='par_1_22' title="bbox 83 2414 925 2534">
     <span class='ocr_line' id='line_1_68' title="bbox 125 2414 925 2456; baseline 0 -10"><span class='ocrx_word' id='word_1_349' title='bbox 125 2415 238 2447; x_wconf 82' lang='lat' dir='ltr'>Faciat</span> <span class='ocrx_word' id='word_1_350' title='bbox 259 2417 397 2456; x_wconf 78' lang='lat' dir='ltr'>Jupiter,</span> <span class='ocrx_word' id='word_1_351' title='bbox 420 2420 455 2445; x_wconf 79' lang='lat' dir='ltr'>ut</span> <span class='ocrx_word' id='word_1_352' title='bbox 473 2425 530 2456; x_wconf 78' lang='lat' dir='ltr'>ego</span> <span class='ocrx_word' id='word_1_353' title='bbox 544 2414 593 2445; x_wconf 68' lang='lat' dir='ltr'>hic</span> <span class='ocrx_word' id='word_1_354' title='bbox 609 2414 707 2453; x_wconf 80' lang='lat' dir='ltr'>hodie,</span> <span class='ocrx_word' id='word_1_355' title='bbox 729 2422 798 2445; x_wconf 81' lang='lat' dir='ltr'>raso</span> <span class='ocrx_word' id='word_1_356' title='bbox 814 2416 925 2455; x_wconf 80' lang='lat' dir='ltr'>capite,</span> 
     </span>
     <span class='ocr_line' id='line_1_69' title="bbox 83 2457 458 2498; baseline 0.005 -12"><span class='ocrx_word' id='word_1_357' title='bbox 83 2457 190 2489; x_wconf 73' lang='lat' dir='ltr'>calvus</span> <span class='ocrx_word' id='word_1_358' title='bbox 204 2460 322 2498; x_wconf 81' lang='lat' dir='ltr'>capiam</span> <span class='ocrx_word' id='word_1_359' title='bbox 333 2460 458 2498; x_wconf 79' lang='lat' dir='ltr'>pileum.</span> 
     </span>
     <span class='ocr_line' id='line_1_70' title="bbox 83 2499 385 2534; baseline 0.007 -5"><span class='ocrx_word' id='word_1_360' title='bbox 83 2499 166 2532; x_wconf 89' lang='lat' dir='ltr'>Vide</span> <span class='ocrx_word' id='word_1_361' title='bbox 181 2502 262 2533; x_wconf 88' lang='lat' dir='ltr'>infra</span> <span class='ocrx_word' id='word_1_362' title='bbox 276 2503 342 2534; x_wconf 89' lang='lat' dir='ltr'>Sat.</span> <span class='ocrx_word' id='word_1_363' title='bbox 353 2503 385 2533; x_wconf 85' lang='lat'>5.</span> 
     </span>
    </p>

    <p class='ocr_par' dir='ltr' id='par_1_23' title="bbox 83 2545 926 2747">
     <span class='ocr_line' id='line_1_71' title="bbox 129 2545 924 2586; baseline 0.004 -13"><span class='ocrx_word' id='word_1_364' title='bbox 129 2545 202 2576; x_wconf 88' lang='grc'><strong>107.</strong></span> <span class='ocrx_word' id='word_1_365' title='bbox 227 2546 343 2586; x_wconf 82' lang='lat' dir='ltr'>Tange,</span> <span class='ocrx_word' id='word_1_366' title='bbox 359 2546 458 2584; x_wconf 81' lang='lat' dir='ltr'>miser,</span> <span class='ocrx_word' id='word_1_367' title='bbox 470 2545 576 2584; x_wconf 71' lang='lat' dir='ltr'>venas]</span> <span class='ocrx_word' id='word_1_368' title='bbox 599 2546 675 2577; x_wconf 87' lang='lat' dir='ltr'>Jam</span> <span class='ocrx_word' id='word_1_369' title='bbox 691 2545 846 2576; x_wconf 84' lang='lat' dir='ltr'>Centurio</span> <span class='ocrx_word' id='word_1_370' title='bbox 862 2546 924 2576; x_wconf 85' lang='lat' dir='ltr'>hir-</span> 
     </span>
     <span class='ocr_line' id='line_1_72' title="bbox 83 2587 926 2628; baseline 0.004 -12"><span class='ocrx_word' id='word_1_371' title='bbox 83 2595 178 2618; x_wconf 87' lang='lat' dir='ltr'>cosus</span> <span class='ocrx_word' id='word_1_372' title='bbox 199 2587 344 2620; x_wconf 77' lang='lat' dir='ltr'>adversus</span> <span class='ocrx_word' id='word_1_373' title='bbox 364 2589 602 2628; x_wconf 85' lang='lat' dir='ltr'>Philosophum</span> <span class='ocrx_word' id='word_1_374' title='bbox 630 2589 776 2628; x_wconf 85' lang='lat' dir='ltr'>insurgit,</span> <span class='ocrx_word' id='word_1_375' title='bbox 803 2590 830 2618; x_wconf 71' lang='grc' dir='ltr'>δε</span> <span class='ocrx_word' id='word_1_376' title='bbox 847 2589 926 2619; x_wconf 86' lang='lat' dir='ltr'>dicit</span> 
     </span>
     <span class='ocr_line' id='line_1_73' title="bbox 85 2630 925 2672; baseline 0.002 -13"><span class='ocrx_word' id='word_1_377' title='bbox 85 2630 164 2668; x_wconf 87' lang='lat' dir='ltr'>quid</span> <span class='ocrx_word' id='word_1_378' title='bbox 180 2631 262 2661; x_wconf 84' lang='lat' dir='ltr'>mihi</span> <span class='ocrx_word' id='word_1_379' title='bbox 276 2642 399 2672; x_wconf 80' lang='lat' dir='ltr'>aegrum</span> <span class='ocrx_word' id='word_1_380' title='bbox 423 2633 452 2662; x_wconf 70' lang='grc' dir='ltr'>ἀ</span> <span class='ocrx_word' id='word_1_381' title='bbox 476 2632 700 2672; x_wconf 72' lang='lat' dir='ltr'>:egritudinem</span> <span class='ocrx_word' id='word_1_382' title='bbox 724 2641 842 2670; x_wconf 82' lang='lat' dir='ltr'>narras,</span> <span class='ocrx_word' id='word_1_383' title='bbox 867 2633 925 2671; x_wconf 88' lang='lat' dir='ltr'>qui</span> 
     </span>
     <span class='ocr_line' id='line_1_74' title="bbox 83 2671 924 2713; baseline 0.005 -12"><span class='ocrx_word' id='word_1_384' title='bbox 83 2671 165 2703; x_wconf 62' lang='lat' dir='ltr'>bene</span> <span class='ocrx_word' id='word_1_385' title='bbox 180 2675 282 2713; x_wconf 84' lang='lat' dir='ltr'>valeo,</span> <span class='ocrx_word' id='word_1_386' title='bbox 298 2684 357 2706; x_wconf 89' lang='lat' dir='ltr'>nec</span> <span class='ocrx_word' id='word_1_387' title='bbox 373 2675 524 2707; x_wconf 88' lang='lat' dir='ltr'>morbum</span> <span class='ocrx_word' id='word_1_388' title='bbox 537 2682 594 2705; x_wconf 86' lang='lat' dir='ltr'>aut</span> <span class='ocrx_word' id='word_1_389' title='bbox 608 2675 712 2704; x_wconf 86' lang='lat' dir='ltr'>morbi</span> <span class='ocrx_word' id='word_1_390' title='bbox 726 2674 842 2705; x_wconf 85' lang='lat' dir='ltr'>indicia</span> <span class='ocrx_word' id='word_1_391' title='bbox 859 2676 924 2705; x_wconf 82' lang='lat' dir='ltr'>ulla</span> 
     </span>
     <span class='ocr_line' id='line_1_75' title="bbox 85 2714 201 2747; baseline 0.017 -2"><span class='ocrx_word' id='word_1_392' title='bbox 85 2714 201 2747; x_wconf 82' lang='lat' dir='ltr'>habeo.</span> 
     </span>
    </p>

    <p class='ocr_par' dir='ltr' id='par_1_24' title="bbox 83 2759 922 2842">
     <span class='ocr_line' id='line_1_76' title="bbox 129 2759 922 2802; baseline 0.004 -13"><span class='ocrx_word' id='word_1_393' title='bbox 129 2759 237 2800; x_wconf 83' lang='lat' dir='ltr'>Tange</span> <span class='ocrx_word' id='word_1_394' title='bbox 251 2770 354 2799; x_wconf 79' lang='lat' dir='ltr'>venaS,</span> <span class='ocrx_word' id='word_1_395' title='bbox 369 2763 392 2800; x_wconf 63' lang='grc' dir='ltr'>ἐς</span> <span class='ocrx_word' id='word_1_396' title='bbox 400 2771 481 2801; x_wconf 84' lang='lat' dir='ltr'>pone</span> <span class='ocrx_word' id='word_1_397' title='bbox 495 2762 527 2792; x_wconf 86' lang='lat' dir='ltr'>in</span> <span class='ocrx_word' id='word_1_398' title='bbox 539 2766 664 2802; x_wconf 80' lang='lat' dir='ltr'>pectore</span> <span class='ocrx_word' id='word_1_399' title='bbox 680 2761 832 2800; x_wconf 72' lang='lat' dir='ltr'>dextram]</span> <span class='ocrx_word' id='word_1_400' title='bbox 856 2761 922 2792; x_wconf 78' lang='lat' dir='ltr'>Ex-</span> 
     </span>
     <span class='ocr_line' id='line_1_77' title="bbox 83 2801 728 2842; baseline 0.003 -11"><span class='ocrx_word' id='word_1_401' title='bbox 83 2801 175 2841; x_wconf 85' lang='lat' dir='ltr'>plora</span> <span class='ocrx_word' id='word_1_402' title='bbox 191 2804 337 2842; x_wconf 87' lang='lat' dir='ltr'>pulsum,</span> <span class='ocrx_word' id='word_1_403' title='bbox 354 2806 383 2834; x_wconf 73' lang='lat' dir='ltr'>dc</span> <span class='ocrx_word' id='word_1_404' title='bbox 399 2806 498 2835; x_wconf 86' lang='lat' dir='ltr'>cordis</span> <span class='ocrx_word' id='word_1_405' title='bbox 515 2807 707 2836; x_wconf 87' lang='lat' dir='ltr'>motionem.</span> <span class='ocrx_word' id='word_1_406' title='bbox 725 2819 728 2823; x_wconf 87' lang='lat'><em>-</em></span> 
     </span>
    </p>

    <p class='ocr_par' dir='ltr' id='par_1_25' title="bbox 81 2845 922 2963">
     <span class='ocr_line' id='line_1_78' title="bbox 130 2845 921 2887; baseline 0.004 -12"><span class='ocrx_word' id='word_1_407' title='bbox 130 2845 202 2876; x_wconf 89' lang='lat'>108.</span> <span class='ocrx_word' id='word_1_408' title='bbox 225 2846 285 2876; x_wconf 78' lang='lat' dir='ltr'>Nil</span> <span class='ocrx_word' id='word_1_409' title='bbox 297 2849 377 2876; x_wconf 86' lang='lat' dir='ltr'>calet</span> <span class='ocrx_word' id='word_1_410' title='bbox 387 2845 451 2887; x_wconf 69' lang='lat' dir='ltr'>hic]</span> <span class='ocrx_word' id='word_1_411' title='bbox 477 2849 674 2880; x_wconf 88' lang='lat' dir='ltr'>Immodicus</span> <span class='ocrx_word' id='word_1_412' title='bbox 691 2848 734 2876; x_wconf 88' lang='lat' dir='ltr'>ibi</span> <span class='ocrx_word' id='word_1_413' title='bbox 750 2848 834 2878; x_wconf 86' lang='lat' dir='ltr'>calor</span> <span class='ocrx_word' id='word_1_414' title='bbox 847 2848 921 2878; x_wconf 89' lang='lat' dir='ltr'>nul-</span> 
     </span>
     <span class='ocr_line' id='line_1_79' title="bbox 81 2887 922 2929; baseline 0.005 -12"><span class='ocrx_word' id='word_1_415' title='bbox 81 2887 132 2918; x_wconf 72' lang='lat' dir='ltr'>lm</span> <span class='ocrx_word' id='word_1_416' title='bbox 148 2894 209 2924; x_wconf 79' lang='lat' dir='ltr'>est,</span> <span class='ocrx_word' id='word_1_417' title='bbox 223 2889 370 2929; x_wconf 81' lang='lat' dir='ltr'>adeoque</span> <span class='ocrx_word' id='word_1_418' title='bbox 385 2890 464 2921; x_wconf 81' lang='lat' dir='ltr'>febri</span> <span class='ocrx_word' id='word_1_419' title='bbox 486 2902 539 2923; x_wconf 85' lang='lat' dir='ltr'>me</span> <span class='ocrx_word' id='word_1_420' title='bbox 563 2901 630 2922; x_wconf 88' lang='lat' dir='ltr'>uon</span> <span class='ocrx_word' id='word_1_421' title='bbox 652 2891 793 2921; x_wconf 80' lang='lat' dir='ltr'>laborare</span> <span class='ocrx_word' id='word_1_422' title='bbox 816 2890 922 2921; x_wconf 85' lang='lat' dir='ltr'>faten-</span> 
     </span>
     <span class='ocr_line' id='line_1_80' title="bbox 82 2929 313 2963; baseline 0.017 -4"><span class='ocrx_word' id='word_1_423' title='bbox 82 2929 164 2961; x_wconf 89' lang='lat' dir='ltr'>dum</span> <span class='ocrx_word' id='word_1_424' title='bbox 181 2937 229 2961; x_wconf 89' lang='lat' dir='ltr'>est</span> <span class='ocrx_word' id='word_1_425' title='bbox 245 2932 313 2963; x_wconf 87' lang='lat' dir='ltr'>tibi.</span> 
     </span>
    </p>

    <p class='ocr_par' dir='ltr' id='par_1_26' title="bbox 82 2973 925 3141">
     <span class='ocr_line' id='line_1_81' title="bbox 124 2973 925 3020; baseline 0.006 -17"><span class='ocrx_word' id='word_1_426' title='bbox 124 2973 318 3015; x_wconf 74' lang='lat' dir='ltr'>Summosque</span> <span class='ocrx_word' id='word_1_427' title='bbox 339 2976 436 3015; x_wconf 78' lang='lat' dir='ltr'>pedes</span> <span class='ocrx_word' id='word_1_428' title='bbox 469 2978 602 3020; x_wconf 80' lang='lat' dir='ltr'>attinge,</span> <span class='ocrx_word' id='word_1_429' title='bbox 627 2977 808 3016; x_wconf 80' lang='lat' dir='ltr'>manusque]</span> <span class='ocrx_word' id='word_1_430' title='bbox 841 2977 925 3008; x_wconf 84' lang='lat' dir='ltr'>Vide</span> 
     </span>
     <span class='ocr_line' id='line_1_82' title="bbox 83 3015 924 3060; baseline 0.006 -14"><span class='ocrx_word' id='word_1_431' title='bbox 83 3015 183 3047; x_wconf 83' lang='lat' dir='ltr'>etiam</span> <span class='ocrx_word' id='word_1_432' title='bbox 194 3019 332 3049; x_wconf 85' lang='lat' dir='ltr'>naturali</span> <span class='ocrx_word' id='word_1_433' title='bbox 342 3029 379 3050; x_wconf 81' lang='lat' dir='ltr'>ac</span> <span class='ocrx_word' id='word_1_434' title='bbox 391 3022 536 3060; x_wconf 84' lang='lat' dir='ltr'>genuino</span> <span class='ocrx_word' id='word_1_435' title='bbox 547 3024 650 3053; x_wconf 79' lang='lat' dir='ltr'>calore</span> <span class='ocrx_word' id='word_1_436' title='bbox 663 3021 760 3060; x_wconf 75' lang='lat' dir='ltr'>probe</span> <span class='ocrx_word' id='word_1_437' title='bbox 773 3021 924 3051; x_wconf 90' lang='lat' dir='ltr'>instruct-</span> 
     </span>
     <span class='ocr_line' id='line_1_83' title="bbox 82 3063 924 3106; baseline 0.007 -17"><span class='ocrx_word' id='word_1_438' title='bbox 82 3068 116 3089; x_wconf 85' lang='lat' dir='ltr'>as</span> <span class='ocrx_word' id='word_1_439' title='bbox 136 3069 205 3091; x_wconf 86' lang='lat' dir='ltr'>esse</span> <span class='ocrx_word' id='word_1_440' title='bbox 227 3063 365 3101; x_wconf 90' lang='lat' dir='ltr'>corporis</span> <span class='ocrx_word' id='word_1_441' title='bbox 388 3065 622 3105; x_wconf 77' lang='lat' dir='ltr'>extremitates,</span> <span class='ocrx_word' id='word_1_442' title='bbox 645 3064 847 3106; x_wconf 78' lang='lat' dir='ltr'>proindeque</span> <span class='ocrx_word' id='word_1_443' title='bbox 869 3074 924 3096; x_wconf 87' lang='lat' dir='ltr'>me</span> 
     </span>
     <span class='ocr_line' id='line_1_84' title="bbox 83 3105 534 3141; baseline 0.016 -9"><span class='ocrx_word' id='word_1_444' title='bbox 83 3111 141 3141; x_wconf 80' lang='lat' dir='ltr'>per</span> <span class='ocrx_word' id='word_1_445' title='bbox 155 3105 266 3136; x_wconf 78' lang='lat' dir='ltr'>omnia</span> <span class='ocrx_word' id='word_1_446' title='bbox 281 3105 364 3138; x_wconf 72' lang='lat' dir='ltr'>bene</span> <span class='ocrx_word' id='word_1_447' title='bbox 382 3106 534 3138; x_wconf 75' lang='lat' dir='ltr'>validum.</span> 
     </span>
    </p>
   </div>
   <div class='ocr_carea' id='block_1_11' title="bbox 965 989 1822 3139">
    <p class='ocr_par' dir='ltr' id='par_1_27' title="bbox 972 989 1820 1203">
     <span class='ocr_line' id='line_1_85' title="bbox 1013 989 1817 1034; baseline 0.007 -14"><span class='ocrx_word' id='word_1_448' title='bbox 1013 991 1086 1022; x_wconf 85' lang='lat'>109.</span> <span class='ocrx_word' id='word_1_449' title='bbox 1127 991 1199 1021; x_wconf 64' lang='lat' dir='ltr'>Visa</span> <span class='ocrx_word' id='word_1_450' title='bbox 1221 994 1276 1029; x_wconf 75' lang='lat' dir='ltr'>est,</span> <span class='ocrx_word' id='word_1_451' title='bbox 1300 989 1372 1033; x_wconf 51' lang='lat' dir='ltr'>iffa]</span> <span class='ocrx_word' id='word_1_452' title='bbox 1412 991 1557 1032; x_wconf 84' lang='lat' dir='ltr'>Reponit</span> <span class='ocrx_word' id='word_1_453' title='bbox 1582 992 1817 1034; x_wconf 88' lang='lat' dir='ltr'>Philosophus.</span> 
     </span>
     <span class='ocr_line' id='line_1_86' title="bbox 974 1034 1820 1078; baseline 0.007 -15"><span class='ocrx_word' id='word_1_454' title='bbox 974 1034 1047 1064; x_wconf 89' lang='lat' dir='ltr'>Scio</span> <span class='ocrx_word' id='word_1_455' title='bbox 1071 1040 1104 1064; x_wconf 89' lang='lat' dir='ltr'>te</span> <span class='ocrx_word' id='word_1_456' title='bbox 1118 1035 1280 1065; x_wconf 85' lang='lat' dir='ltr'>valentem</span> <span class='ocrx_word' id='word_1_457' title='bbox 1293 1045 1329 1065; x_wconf 83' lang='lat' dir='ltr'>ac</span> <span class='ocrx_word' id='word_1_458' title='bbox 1345 1036 1514 1066; x_wconf 85' lang='lat' dir='ltr'>robustum</span> <span class='ocrx_word' id='word_1_459' title='bbox 1529 1046 1660 1076; x_wconf 84' lang='lat' dir='ltr'>corpore</span> <span class='ocrx_word' id='word_1_460' title='bbox 1675 1049 1682 1066; x_wconf 90' lang='lat'>:</span> <span class='ocrx_word' id='word_1_461' title='bbox 1708 1048 1820 1078; x_wconf 84' lang='lat' dir='ltr'>neque</span> 
     </span>
     <span class='ocr_line' id='line_1_87' title="bbox 973 1070 1820 1119; baseline 0.006 -12"><span class='ocrx_word' id='word_1_462' title='bbox 973 1078 1003 1107; x_wconf 91' lang='lat' dir='ltr'>id</span> <span class='ocrx_word' id='word_1_463' title='bbox 1021 1078 1161 1108; x_wconf 84' lang='lat' dir='ltr'>inificior.</span> <span class='ocrx_word' id='word_1_464' title='bbox 1207 1070 1253 1108; x_wconf 53' lang='lat' dir='ltr'>stt</span> <span class='ocrx_word' id='word_1_465' title='bbox 1267 1079 1431 1118; x_wconf 89' lang='lat' dir='ltr'>numquid</span> <span class='ocrx_word' id='word_1_466' title='bbox 1447 1080 1557 1110; x_wconf 88' lang='lat' dir='ltr'>animo</span> <span class='ocrx_word' id='word_1_467' title='bbox 1571 1081 1703 1119; x_wconf 85' lang='lat' dir='ltr'>perinde</span> <span class='ocrx_word' id='word_1_468' title='bbox 1718 1083 1820 1112; x_wconf 84' lang='lat' dir='ltr'>vales?</span> 
     </span>
     <span class='ocr_line' id='line_1_88' title="bbox 973 1121 1818 1164; baseline 0.008 -15"><span class='ocrx_word' id='word_1_469' title='bbox 973 1121 1201 1159; x_wconf 77' lang='lat' dir='ltr'>Exploremus.</span> <span class='ocrx_word' id='word_1_470' title='bbox 1249 1122 1283 1151; x_wconf 87' lang='lat' dir='ltr'>Si</span> <span class='ocrx_word' id='word_1_471' title='bbox 1298 1123 1342 1151; x_wconf 89' lang='lat' dir='ltr'>vis</span> <span class='ocrx_word' id='word_1_472' title='bbox 1355 1122 1446 1152; x_wconf 86' lang='lat' dir='ltr'>fateri</span> <span class='ocrx_word' id='word_1_473' title='bbox 1459 1133 1586 1161; x_wconf 90' lang='lat' dir='ltr'>verum,</span> <span class='ocrx_word' id='word_1_474' title='bbox 1597 1126 1775 1164; x_wconf 87' lang='lat' dir='ltr'>comperies</span> <span class='ocrx_word' id='word_1_475' title='bbox 1789 1128 1818 1156; x_wconf 69' lang='grc' dir='ltr'>ἇς</span> 
     </span>
     <span class='ocr_line' id='line_1_89' title="bbox 972 1164 1580 1203; baseline 0.005 -10"><span class='ocrx_word' id='word_1_476' title='bbox 972 1164 1087 1203; x_wconf 81' lang='lat' dir='ltr'>frigore</span> <span class='ocrx_word' id='word_1_477' title='bbox 1105 1166 1132 1194; x_wconf 72' lang='lat' dir='ltr'>Sc</span> <span class='ocrx_word' id='word_1_478' title='bbox 1144 1165 1248 1194; x_wconf 87' lang='lat' dir='ltr'>calore</span> <span class='ocrx_word' id='word_1_479' title='bbox 1264 1165 1364 1195; x_wconf 86' lang='lat' dir='ltr'>nimio</span> <span class='ocrx_word' id='word_1_480' title='bbox 1381 1172 1414 1195; x_wconf 83' lang='lat' dir='ltr'>te</span> <span class='ocrx_word' id='word_1_481' title='bbox 1429 1167 1580 1196; x_wconf 86' lang='lat' dir='ltr'>laborare.</span> 
     </span>
    </p>

    <p class='ocr_par' dir='ltr' id='par_1_28' title="bbox 972 1206 1821 1375">
     <span class='ocr_line' id='line_1_90' title="bbox 1021 1206 1821 1248; baseline 0.008 -12"><span class='ocrx_word' id='word_1_482' title='bbox 1021 1206 1094 1237; x_wconf 79' lang='lat' dir='ltr'>Visa</span> <span class='ocrx_word' id='word_1_483' title='bbox 1111 1211 1168 1245; x_wconf 73' lang='lat' dir='ltr'>est,</span> <span class='ocrx_word' id='word_1_484' title='bbox 1184 1207 1308 1243; x_wconf 71' lang='lat' dir='ltr'>siforte</span> <span class='ocrx_word' id='word_1_485' title='bbox 1320 1209 1469 1248; x_wconf 79' lang='lat' dir='ltr'>pecunia]</span> <span class='ocrx_word' id='word_1_486' title='bbox 1506 1209 1687 1247; x_wconf 86' lang='lat' dir='ltr'>Objectum</span> <span class='ocrx_word' id='word_1_487' title='bbox 1711 1217 1821 1243; x_wconf 84' lang='lat' dir='ltr'>movet</span> 
     </span>
     <span class='ocr_line' id='line_1_91' title="bbox 973 1251 1818 1291; baseline 0.006 -11"><span class='ocrx_word' id='word_1_488' title='bbox 973 1252 1167 1289; x_wconf 82' lang='lat' dir='ltr'>potentiam,</span> <span class='ocrx_word' id='word_1_489' title='bbox 1197 1255 1232 1280; x_wconf 85' lang='lat' dir='ltr'>ut</span> <span class='ocrx_word' id='word_1_490' title='bbox 1260 1251 1353 1281; x_wconf 85' lang='lat' dir='ltr'>aiunt</span> <span class='ocrx_word' id='word_1_491' title='bbox 1379 1252 1578 1291; x_wconf 85' lang='lat' dir='ltr'>Philosophi.</span> <span class='ocrx_word' id='word_1_492' title='bbox 1632 1254 1818 1286; x_wconf 87' lang='lat' dir='ltr'>Periculum</span> 
     </span>
     <span class='ocr_line' id='line_1_92' title="bbox 972 1294 1819 1336; baseline 0.011 -16"><span class='ocrx_word' id='word_1_493' title='bbox 972 1294 1068 1331; x_wconf 74' lang='lat' dir='ltr'>igitur</span> <span class='ocrx_word' id='word_1_494' title='bbox 1083 1294 1249 1330; x_wconf 77' lang='lat' dir='ltr'>faciamus,</span> <span class='ocrx_word' id='word_1_495' title='bbox 1273 1304 1315 1324; x_wconf 90' lang='lat' dir='ltr'>an</span> <span class='ocrx_word' id='word_1_496' title='bbox 1332 1304 1397 1324; x_wconf 92' lang='lat' dir='ltr'>non</span> <span class='ocrx_word' id='word_1_497' title='bbox 1413 1296 1556 1334; x_wconf 70' lang='lat' dir='ltr'>avaritia,</span> <span class='ocrx_word' id='word_1_498' title='bbox 1568 1296 1714 1336; x_wconf 89' lang='lat' dir='ltr'>libidine,</span> <span class='ocrx_word' id='word_1_499' title='bbox 1736 1300 1819 1329; x_wconf 91' lang='lat' dir='ltr'>mol-</span> 
     </span>
     <span class='ocr_line' id='line_1_93' title="bbox 972 1336 1528 1375; baseline 0.007 -9"><span class='ocrx_word' id='word_1_500' title='bbox 972 1336 1052 1375; x_wconf 86' lang='lat' dir='ltr'>litie,</span> <span class='ocrx_word' id='word_1_501' title='bbox 1069 1338 1197 1372; x_wconf 82' lang='lat' dir='ltr'>timore,</span> <span class='ocrx_word' id='word_1_502' title='bbox 1214 1338 1378 1367; x_wconf 70' lang='lat' dir='ltr'>iracundia</span> <span class='ocrx_word' id='word_1_503' title='bbox 1394 1339 1528 1370; x_wconf 84' lang='lat' dir='ltr'>labores.</span> 
     </span>
    </p>

    <p class='ocr_par' dir='ltr' id='par_1_29' title="bbox 973 1380 1818 1462">
     <span class='ocr_line' id='line_1_94' title="bbox 1019 1380 1818 1423; baseline 0.006 -13"><span class='ocrx_word' id='word_1_504' title='bbox 1019 1382 1093 1410; x_wconf 86' lang='lat'>110.</span> <span class='ocrx_word' id='word_1_505' title='bbox 1116 1380 1245 1409; x_wconf 81' lang='lat' dir='ltr'>Subrisit</span> <span class='ocrx_word' id='word_1_506' title='bbox 1261 1380 1366 1419; x_wconf 82' lang='lat' dir='ltr'>molle]</span> <span class='ocrx_word' id='word_1_507' title='bbox 1392 1382 1517 1420; x_wconf 87' lang='lat' dir='ltr'>Arrisit,</span> <span class='ocrx_word' id='word_1_508' title='bbox 1535 1385 1676 1423; x_wconf 74' lang='lat' dir='ltr'>respexit</span> <span class='ocrx_word' id='word_1_509' title='bbox 1691 1391 1818 1416; x_wconf 82' lang='lat' dir='ltr'>amato-</span> 
     </span>
     <span class='ocr_line' id='line_1_95' title="bbox 973 1422 1424 1462; baseline 0.004 -10"><span class='ocrx_word' id='word_1_510' title='bbox 973 1422 1028 1461; x_wconf 77' lang='lat' dir='ltr'>rie,</span> <span class='ocrx_word' id='word_1_511' title='bbox 1047 1423 1174 1462; x_wconf 77' lang='lat' dir='ltr'>blande,</span> <span class='ocrx_word' id='word_1_512' title='bbox 1190 1424 1424 1454; x_wconf 75' lang='lat' dir='ltr'>lasciviuscule.</span> 
     </span>
    </p>

    <p class='ocr_par' dir='ltr' id='par_1_30' title="bbox 972 1466 1179 1505">
     <span class='ocr_line' id='line_1_96' title="bbox 972 1466 1179 1505; baseline 0.005 -10"><span class='ocrx_word' id='word_1_513' title='bbox 972 1466 1159 1505; x_wconf 83' lang='lat' dir='ltr'>Propertius</span> <span class='ocrx_word' id='word_1_514' title='bbox 1173 1479 1179 1496; x_wconf 78' lang='lat' dir='ltr'>z</span> 
     </span>
    </p>

    <p class='ocr_par' dir='ltr' id='par_1_31' title="bbox 1016 1509 1701 1551">
     <span class='ocr_line' id='line_1_97' title="bbox 1016 1509 1701 1551; baseline 0.012 -14"><span class='ocrx_word' id='word_1_515' title='bbox 1016 1509 1100 1539; x_wconf 72' lang='lat' dir='ltr'>Risit</span> <span class='ocrx_word' id='word_1_516' title='bbox 1114 1512 1136 1547; x_wconf 70' lang='grc' dir='ltr'>ᾃ</span> <span class='ocrx_word' id='word_1_517' title='bbox 1150 1513 1262 1550; x_wconf 73' lang='lat' dir='ltr'>arguto</span> <span class='ocrx_word' id='word_1_518' title='bbox 1278 1510 1425 1548; x_wconf 77' lang='lat' dir='ltr'>quiddam</span> <span class='ocrx_word' id='word_1_519' title='bbox 1435 1512 1576 1551; x_wconf 79' lang='lat' dir='ltr'>promisit</span> <span class='ocrx_word' id='word_1_520' title='bbox 1593 1513 1701 1545; x_wconf 85' lang='lat' dir='ltr'>ocello.</span> 
     </span>
    </p>

    <p class='ocr_par' dir='ltr' id='par_1_32' title="bbox 969 1552 1822 2187">
     <span class='ocr_line' id='line_1_98' title="bbox 1017 1552 1818 1595; baseline 0.009 -13"><span class='ocrx_word' id='word_1_521' title='bbox 1017 1555 1089 1582; x_wconf 87' lang='lat'>111.</span> <span class='ocrx_word' id='word_1_522' title='bbox 1117 1552 1177 1582; x_wconf 82' lang='lat' dir='ltr'>Cor</span> <span class='ocrx_word' id='word_1_523' title='bbox 1193 1553 1250 1582; x_wconf 61' lang='lat' dir='ltr'>tihi</span> <span class='ocrx_word' id='word_1_524' title='bbox 1266 1554 1324 1582; x_wconf 72' lang='lat' dir='ltr'>rite}</span> <span class='ocrx_word' id='word_1_525' title='bbox 1340 1553 1452 1593; x_wconf 57' lang='lat' dir='ltr'>salim]</span> <span class='ocrx_word' id='word_1_526' title='bbox 1478 1557 1616 1595; x_wconf 87' lang='lat' dir='ltr'>Duplex</span> <span class='ocrx_word' id='word_1_527' title='bbox 1632 1558 1732 1588; x_wconf 85' lang='lat' dir='ltr'>cordis</span> <span class='ocrx_word' id='word_1_528' title='bbox 1748 1568 1818 1588; x_wconf 90' lang='lat' dir='ltr'>mo-</span> 
     </span>
     <span class='ocr_line' id='line_1_99' title="bbox 973 1595 1822 1640; baseline 0.008 -15"><span class='ocrx_word' id='word_1_529' title='bbox 973 1601 1025 1626; x_wconf 83' lang='lat' dir='ltr'>tus</span> <span class='ocrx_word' id='word_1_530' title='bbox 1042 1597 1121 1625; x_wconf 87' lang='lat' dir='ltr'>alter</span> <span class='ocrx_word' id='word_1_531' title='bbox 1138 1595 1327 1638; x_wconf 67' lang='grc' dir='ltr'>ἆπςοαίξετος</span> <span class='ocrx_word' id='word_1_532' title='bbox 1343 1598 1420 1627; x_wconf 81' lang='lat' dir='ltr'>alter</span> <span class='ocrx_word' id='word_1_533' title='bbox 1436 1596 1470 1627; x_wconf 76' lang='grc' dir='ltr'>ἑιι</span> <span class='ocrx_word' id='word_1_534' title='bbox 1487 1598 1710 1639; x_wconf 57' lang='grc' dir='ltr'>προαιρέσεως-ε</span> <span class='ocrx_word' id='word_1_535' title='bbox 1737 1603 1822 1640; x_wconf 86' lang='lat' dir='ltr'>prior</span> 
     </span>
     <span class='ocr_line' id='line_1_100' title="bbox 972 1639 1817 1680; baseline 0.005 -12"><span class='ocrx_word' id='word_1_536' title='bbox 972 1639 1165 1669; x_wconf 79' lang='lat' dir='ltr'>valetudinis</span> <span class='ocrx_word' id='word_1_537' title='bbox 1190 1640 1244 1669; x_wconf 83' lang='lat' dir='ltr'>dat</span> <span class='ocrx_word' id='word_1_538' title='bbox 1269 1641 1438 1677; x_wconf 81' lang='lat' dir='ltr'>indicium,</span> <span class='ocrx_word' id='word_1_539' title='bbox 1464 1645 1618 1680; x_wconf 88' lang='lat' dir='ltr'>posterior</span> <span class='ocrx_word' id='word_1_540' title='bbox 1634 1644 1770 1674; x_wconf 85' lang='lat' dir='ltr'>affectus</span> <span class='ocrx_word' id='word_1_541' title='bbox 1788 1647 1817 1674; x_wconf 84' lang='lat'><strong>&amp;</strong></span> 
     </span>
     <span class='ocr_line' id='line_1_101' title="bbox 971 1682 1821 1722; baseline 0.008 -11"><span class='ocrx_word' id='word_1_542' title='bbox 971 1682 1157 1712; x_wconf 79' lang='lat' dir='ltr'>voluntatis.</span> <span class='ocrx_word' id='word_1_543' title='bbox 1204 1683 1293 1713; x_wconf 85' lang='lat' dir='ltr'>Hinc</span> <span class='ocrx_word' id='word_1_544' title='bbox 1322 1685 1414 1722; x_wconf 70' lang='lat' dir='ltr'>periti</span> <span class='ocrx_word' id='word_1_545' title='bbox 1445 1685 1565 1716; x_wconf 79' lang='lat' dir='ltr'>Medici</span> <span class='ocrx_word' id='word_1_546' title='bbox 1590 1698 1659 1717; x_wconf 92' lang='lat' dir='ltr'>non</span> <span class='ocrx_word' id='word_1_547' title='bbox 1688 1688 1821 1718; x_wconf 85' lang='lat' dir='ltr'>morbus</span> 
     </span>
     <span class='ocr_line' id='line_1_102' title="bbox 971 1726 1820 1765; baseline 0.009 -11"><span class='ocrx_word' id='word_1_548' title='bbox 971 1726 1073 1755; x_wconf 78' lang='lat' dir='ltr'>solum</span> <span class='ocrx_word' id='word_1_549' title='bbox 1093 1727 1245 1764; x_wconf 78' lang='lat' dir='ltr'>corporis,</span> <span class='ocrx_word' id='word_1_550' title='bbox 1262 1727 1315 1756; x_wconf 81' lang='lat' dir='ltr'>sed</span> <span class='ocrx_word' id='word_1_551' title='bbox 1342 1728 1369 1756; x_wconf 67' lang='lat' dir='ltr'>Sc</span> <span class='ocrx_word' id='word_1_552' title='bbox 1395 1730 1651 1765; x_wconf 81' lang='lat' dir='ltr'>perturbationes</span> <span class='ocrx_word' id='word_1_553' title='bbox 1674 1732 1777 1761; x_wconf 86' lang='lat' dir='ltr'>animi</span> <span class='ocrx_word' id='word_1_554' title='bbox 1800 1731 1820 1761; x_wconf 80' lang='grc' dir='ltr'>ὲ</span> 
     </span>
     <span class='ocr_line' id='line_1_103' title="bbox 970 1769 1819 1806; baseline 0.008 -9"><span class='ocrx_word' id='word_1_555' title='bbox 970 1769 1069 1798; x_wconf 87' lang='lat' dir='ltr'>cordis</span> <span class='ocrx_word' id='word_1_556' title='bbox 1086 1777 1179 1798; x_wconf 87' lang='lat' dir='ltr'>motu</span> <span class='ocrx_word' id='word_1_557' title='bbox 1196 1770 1353 1806; x_wconf 83' lang='lat' dir='ltr'>divinant,</span> <span class='ocrx_word' id='word_1_558' title='bbox 1378 1770 1563 1802; x_wconf 84' lang='lat' dir='ltr'>Casaubon.</span> <span class='ocrx_word' id='word_1_559' title='bbox 1610 1774 1696 1803; x_wconf 86' lang='lat' dir='ltr'>Nota</span> <span class='ocrx_word' id='word_1_560' title='bbox 1714 1775 1819 1804; x_wconf 81' lang='lat' dir='ltr'>omni-</span> 
     </span>
     <span class='ocr_line' id='line_1_104' title="bbox 970 1812 1816 1856; baseline 0.008 -16"><span class='ocrx_word' id='word_1_561' title='bbox 970 1812 1030 1841; x_wconf 86' lang='lat' dir='ltr'>bus</span> <span class='ocrx_word' id='word_1_562' title='bbox 1047 1812 1177 1841; x_wconf 78' lang='lat' dir='ltr'>historia</span> <span class='ocrx_word' id='word_1_563' title='bbox 1201 1813 1240 1842; x_wconf 86' lang='lat' dir='ltr'>de</span> <span class='ocrx_word' id='word_1_564' title='bbox 1263 1813 1428 1842; x_wconf 80' lang='lat' dir='ltr'>Antiocho</span> <span class='ocrx_word' id='word_1_565' title='bbox 1449 1815 1579 1845; x_wconf 73' lang='lat' dir='ltr'>Seleuci</span> <span class='ocrx_word' id='word_1_566' title='bbox 1606 1815 1687 1854; x_wconf 63' lang='lat' dir='ltr'>filio,</span> <span class='ocrx_word' id='word_1_567' title='bbox 1713 1827 1816 1856; x_wconf 86' lang='lat' dir='ltr'>quem</span> 
     </span>
     <span class='ocr_line' id='line_1_105' title="bbox 972 1855 1817 1897; baseline 0.008 -14"><span class='ocrx_word' id='word_1_568' title='bbox 972 1855 1165 1884; x_wconf 83' lang='lat' dir='ltr'>Stratonices</span> <span class='ocrx_word' id='word_1_569' title='bbox 1180 1865 1287 1885; x_wconf 85' lang='lat' dir='ltr'>amore</span> <span class='ocrx_word' id='word_1_570' title='bbox 1304 1856 1494 1895; x_wconf 81' lang='lat' dir='ltr'>languidum</span> <span class='ocrx_word' id='word_1_571' title='bbox 1508 1859 1685 1897; x_wconf 81' lang='lat' dir='ltr'>intellexit,</span> <span class='ocrx_word' id='word_1_572' title='bbox 1702 1865 1817 1890; x_wconf 85' lang='lat' dir='ltr'>attrec-</span> 
     </span>
     <span class='ocr_line' id='line_1_106' title="bbox 971 1898 1814 1935; baseline 0.008 -8"><span class='ocrx_word' id='word_1_573' title='bbox 971 1899 1069 1928; x_wconf 76' lang='lat' dir='ltr'>tando</span> <span class='ocrx_word' id='word_1_574' title='bbox 1086 1898 1266 1935; x_wconf 72' lang='lat' dir='ltr'>brachium,</span> <span class='ocrx_word' id='word_1_575' title='bbox 1284 1898 1486 1929; x_wconf 76' lang='lat' dir='ltr'>Erasistratus</span> <span class='ocrx_word' id='word_1_576' title='bbox 1502 1901 1664 1931; x_wconf 85' lang='lat' dir='ltr'>Medicus·</span> <span class='ocrx_word' id='word_1_577' title='bbox 1707 1903 1814 1934; x_wconf 81' lang='lat' dir='ltr'>Valer.</span> 
     </span>
     <span class='ocr_line' id='line_1_107' title="bbox 970 1940 1816 1980; baseline 0.007 -10"><span class='ocrx_word' id='word_1_578' title='bbox 970 1940 1108 1971; x_wconf 59' lang='lat' dir='ltr'>BIaxirn.</span> <span class='ocrx_word' id='word_1_579' title='bbox 1130 1941 1185 1970; x_wconf 88' lang='lat' dir='ltr'>lib.</span> <span class='ocrx_word' id='word_1_580' title='bbox 1203 1944 1231 1970; x_wconf 82' lang='lat'>5.</span> <span class='ocrx_word' id='word_1_581' title='bbox 1246 1951 1316 1980; x_wconf 81' lang='lat' dir='ltr'>cap.</span> <span class='ocrx_word' id='word_1_582' title='bbox 1329 1944 1357 1972; x_wconf 83' lang='lat'>7.</span> <span class='ocrx_word' id='word_1_583' title='bbox 1372 1947 1399 1971; x_wconf 71' lang='lat'>25&lt;</span> <span class='ocrx_word' id='word_1_584' title='bbox 1417 1943 1480 1972; x_wconf 81' lang='lat' dir='ltr'>alii.</span> <span class='ocrx_word' id='word_1_585' title='bbox 1516 1946 1635 1975; x_wconf 84' lang='lat' dir='ltr'>Sensus</span> <span class='ocrx_word' id='word_1_586' title='bbox 1649 1951 1716 1975; x_wconf 84' lang='lat' dir='ltr'>est:</span> <span class='ocrx_word' id='word_1_587' title='bbox 1741 1946 1816 1977; x_wconf 69' lang='lat' dir='ltr'>curn</span> 
     </span>
     <span class='ocr_line' id='line_1_108' title="bbox 969 1985 1818 2026; baseline 0.007 -13"><span class='ocrx_word' id='word_1_588' title='bbox 969 1985 1116 2022; x_wconf 74' lang='lat' dir='ltr'>pecuniae</span> <span class='ocrx_word' id='word_1_589' title='bbox 1133 1985 1309 2021; x_wconf 64' lang='lat' dir='ltr'>lucrandae,</span> <span class='ocrx_word' id='word_1_590' title='bbox 1333 1991 1389 2015; x_wconf 85' lang='lat' dir='ltr'>aut</span> <span class='ocrx_word' id='word_1_591' title='bbox 1413 1987 1583 2026; x_wconf 62' lang='lat' dir='ltr'>explendae</span> <span class='ocrx_word' id='word_1_592' title='bbox 1607 1988 1754 2018; x_wconf 84' lang='lat' dir='ltr'>libidinis</span> <span class='ocrx_word' id='word_1_593' title='bbox 1770 1989 1818 2019; x_wconf 49' lang='lat' dir='ltr'>of„</span> 
     </span>
     <span class='ocr_line' id='line_1_109' title="bbox 970 2028 1815 2069; baseline 0.007 -13"><span class='ocrx_word' id='word_1_594' title='bbox 970 2028 1070 2057; x_wconf 89' lang='lat' dir='ltr'>fertur</span> <span class='ocrx_word' id='word_1_595' title='bbox 1083 2028 1218 2065; x_wconf 82' lang='lat' dir='ltr'>occasio,</span> <span class='ocrx_word' id='word_1_596' title='bbox 1228 2029 1335 2057; x_wconf 74' lang='lat' dir='ltr'>statim</span> <span class='ocrx_word' id='word_1_597' title='bbox 1351 2029 1454 2059; x_wconf 59' lang='lat' dir='ltr'>inhias</span> <span class='ocrx_word' id='word_1_598' title='bbox 1468 2031 1495 2059; x_wconf 70' lang='lat' dir='ltr'>«Sc</span> <span class='ocrx_word' id='word_1_599' title='bbox 1512 2031 1694 2069; x_wconf 81' lang='lat' dir='ltr'>inardescis,</span> <span class='ocrx_word' id='word_1_600' title='bbox 1709 2032 1762 2061; x_wconf 90' lang='lat' dir='ltr'>sed</span> <span class='ocrx_word' id='word_1_601' title='bbox 1774 2043 1815 2062; x_wconf 85' lang='lat' dir='ltr'>an</span> 
     </span>
     <span class='ocr_line' id='line_1_110' title="bbox 969 2071 1816 2113; baseline 0.006 -13"><span class='ocrx_word' id='word_1_602' title='bbox 969 2071 1039 2107; x_wconf 75' lang='lat' dir='ltr'>rite,</span> <span class='ocrx_word' id='word_1_603' title='bbox 1058 2073 1084 2100; x_wconf 64' lang='lat'>31</span> <span class='ocrx_word' id='word_1_604' title='bbox 1101 2081 1142 2100; x_wconf 74' lang='lat' dir='ltr'>ex</span> <span class='ocrx_word' id='word_1_605' title='bbox 1161 2071 1305 2101; x_wconf 79' lang='lat' dir='ltr'>ratione?</span> <span class='ocrx_word' id='word_1_606' title='bbox 1330 2072 1571 2112; x_wconf 77' lang='lat' dir='ltr'>Adeoquejam</span> <span class='ocrx_word' id='word_1_607' title='bbox 1587 2084 1700 2104; x_wconf 75' lang='lat' dir='ltr'>avarus</span> <span class='ocrx_word' id='word_1_608' title='bbox 1717 2085 1761 2113; x_wconf 84' lang='lat' dir='ltr'>es,</span> <span class='ocrx_word' id='word_1_609' title='bbox 1787 2078 1816 2106; x_wconf 63' lang='lat'>3&lt;</span> 
     </span>
     <span class='ocr_line' id='line_1_111' title="bbox 970 2114 1817 2154; baseline 0.007 -11"><span class='ocrx_word' id='word_1_610' title='bbox 970 2114 1170 2152; x_wconf 88' lang='lat' dir='ltr'>libidinosus,</span> <span class='ocrx_word' id='word_1_611' title='bbox 1184 2116 1240 2153; x_wconf 90' lang='lat' dir='ltr'>qui</span> <span class='ocrx_word' id='word_1_612' title='bbox 1256 2115 1448 2154; x_wconf 81' lang='lat' dir='ltr'>cupiditates</span> <span class='ocrx_word' id='word_1_613' title='bbox 1463 2116 1600 2147; x_wconf 82' lang='lat' dir='ltr'>froenare</span> <span class='ocrx_word' id='word_1_614' title='bbox 1612 2128 1648 2148; x_wconf 89' lang='lat' dir='ltr'>ac</span> <span class='ocrx_word' id='word_1_615' title='bbox 1661 2118 1817 2149; x_wconf 84' lang='lat' dir='ltr'>moderari</span> 
     </span>
     <span class='ocr_line' id='line_1_112' title="bbox 970 2167 1084 2187; baseline 0.009 -1"><span class='ocrx_word' id='word_1_616' title='bbox 970 2167 1084 2187; x_wconf 72' lang='lat' dir='ltr'>nescis.</span> 
     </span>
    </p>

    <p class='ocr_par' dir='ltr' id='par_1_33' title="bbox 969 2200 1816 2287">
     <span class='ocr_line' id='line_1_113' title="bbox 1011 2200 1816 2242; baseline 0.009 -13"><span class='ocrx_word' id='word_1_617' title='bbox 1011 2200 1150 2231; x_wconf 68' lang='lat' dir='ltr'>Positam</span> <span class='ocrx_word' id='word_1_618' title='bbox 1176 2205 1220 2230; x_wconf 82' lang='lat' dir='ltr'>est</span> <span class='ocrx_word' id='word_1_619' title='bbox 1244 2201 1369 2241; x_wconf 75' lang='lat' dir='ltr'>algente</span> <span class='ocrx_word' id='word_1_620' title='bbox 1396 2202 1515 2242; x_wconf 78' lang='lat' dir='ltr'>catino]</span> <span class='ocrx_word' id='word_1_621' title='bbox 1553 2205 1650 2236; x_wconf 77' lang='lat' dir='ltr'>Quod</span> <span class='ocrx_word' id='word_1_622' title='bbox 1673 2206 1697 2234; x_wconf 90' lang='lat' dir='ltr'>si</span> <span class='ocrx_word' id='word_1_623' title='bbox 1724 2205 1816 2236; x_wconf 85' lang='lat' dir='ltr'>vilior</span> 
     </span>
     <span class='ocr_line' id='line_1_114' title="bbox 969 2245 1742 2287; baseline 0.003 -14"><span class='ocrx_word' id='word_1_624' title='bbox 969 2245 1042 2282; x_wconf 85' lang='lat' dir='ltr'>quis</span> <span class='ocrx_word' id='word_1_625' title='bbox 1056 2246 1146 2274; x_wconf 87' lang='lat' dir='ltr'>cibus</span> <span class='ocrx_word' id='word_1_626' title='bbox 1162 2245 1190 2274; x_wconf 69' lang='lat'>&amp;</span> <span class='ocrx_word' id='word_1_627' title='bbox 1207 2246 1290 2274; x_wconf 70' lang='lat' dir='ltr'>male</span> <span class='ocrx_word' id='word_1_628' title='bbox 1306 2245 1455 2275; x_wconf 89' lang='lat' dir='ltr'>conditus</span> <span class='ocrx_word' id='word_1_629' title='bbox 1473 2248 1531 2276; x_wconf 70' lang='lat' dir='ltr'>tib&#39;.</span> <span class='ocrx_word' id='word_1_630' title='bbox 1548 2257 1586 2285; x_wconf 60' lang='lat' dir='ltr'>as&gt;</span> <span class='ocrx_word' id='word_1_631' title='bbox 1594 2254 1742 2287; x_wconf 83' lang='lat' dir='ltr'>ponatur.</span> 
     </span>
    </p>

    <p class='ocr_par' dir='ltr' id='par_1_34' title="bbox 968 2288 1816 2447">
     <span class='ocr_line' id='line_1_115' title="bbox 1010 2288 1816 2327; baseline 0.005 -10"><span class='ocrx_word' id='word_1_632' title='bbox 1010 2290 1145 2327; x_wconf 73' lang='lat' dir='ltr'>Algente</span> <span class='ocrx_word' id='word_1_633' title='bbox 1160 2288 1277 2325; x_wconf 77' lang='lat' dir='ltr'>catino]</span> <span class='ocrx_word' id='word_1_634' title='bbox 1301 2289 1388 2319; x_wconf 87' lang='lat' dir='ltr'>Cibis</span> <span class='ocrx_word' id='word_1_635' title='bbox 1400 2290 1577 2320; x_wconf 72' lang='lat' dir='ltr'>admodum</span> <span class='ocrx_word' id='word_1_636' title='bbox 1590 2292 1698 2321; x_wconf 82' lang='lat' dir='ltr'>calidis</span> <span class='ocrx_word' id='word_1_637' title='bbox 1711 2291 1816 2322; x_wconf 84' lang='lat' dir='ltr'>delec-</span> 
     </span>
     <span class='ocr_line' id='line_1_116' title="bbox 968 2331 1816 2373; baseline 0.006 -14"><span class='ocrx_word' id='word_1_638' title='bbox 968 2334 1049 2360; x_wconf 74' lang='lat' dir='ltr'>tatos</span> <span class='ocrx_word' id='word_1_639' title='bbox 1068 2337 1189 2361; x_wconf 76' lang='lat' dir='ltr'>veteres</span> <span class='ocrx_word' id='word_1_640' title='bbox 1210 2332 1356 2361; x_wconf 78' lang='lat' dir='ltr'>observat</span> <span class='ocrx_word' id='word_1_641' title='bbox 1372 2331 1584 2363; x_wconf 85' lang='lat' dir='ltr'>Casaubonus</span> <span class='ocrx_word' id='word_1_642' title='bbox 1601 2346 1606 2362; x_wconf 90' lang='lat'>:</span> <span class='ocrx_word' id='word_1_643' title='bbox 1633 2344 1733 2373; x_wconf 88' lang='lat' dir='ltr'>quare</span> <span class='ocrx_word' id='word_1_644' title='bbox 1749 2344 1816 2365; x_wconf 85' lang='lat' dir='ltr'>non</span> 
     </span>
     <span class='ocr_line' id='line_1_117' title="bbox 970 2375 1813 2414; baseline 0.006 -11"><span class='ocrx_word' id='word_1_645' title='bbox 970 2375 1089 2404; x_wconf 80' lang='lat' dir='ltr'>mirum</span> <span class='ocrx_word' id='word_1_646' title='bbox 1103 2375 1129 2404; x_wconf 88' lang='lat' dir='ltr'>si</span> <span class='ocrx_word' id='word_1_647' title='bbox 1143 2375 1285 2413; x_wconf 83' lang='lat' dir='ltr'>algentes</span> <span class='ocrx_word' id='word_1_648' title='bbox 1307 2376 1335 2403; x_wconf 62' lang='grc' dir='ltr'>ὃς</span> <span class='ocrx_word' id='word_1_649' title='bbox 1364 2375 1465 2414; x_wconf 84' lang='lat' dir='ltr'>frigidi</span> <span class='ocrx_word' id='word_1_650' title='bbox 1491 2376 1657 2407; x_wconf 88' lang='lat' dir='ltr'>fastidium</span> <span class='ocrx_word' id='word_1_651' title='bbox 1681 2387 1718 2407; x_wconf 85' lang='lat' dir='ltr'>ac</span> <span class='ocrx_word' id='word_1_652' title='bbox 1734 2387 1813 2408; x_wconf 86' lang='lat' dir='ltr'>nau·</span> 
     </span>
     <span class='ocr_line' id='line_1_118' title="bbox 969 2418 1382 2447; baseline 0.002 -2"><span class='ocrx_word' id='word_1_653' title='bbox 969 2426 1055 2446; x_wconf 86' lang='lat' dir='ltr'>seam</span> <span class='ocrx_word' id='word_1_654' title='bbox 1072 2426 1182 2447; x_wconf 87' lang='lat' dir='ltr'>creent</span> <span class='ocrx_word' id='word_1_655' title='bbox 1196 2418 1382 2447; x_wconf 82' lang='lat' dir='ltr'>delicatulo.</span> 
     </span>
    </p>

    <p class='ocr_par' dir='ltr' id='par_1_35' title="bbox 1016 2460 1683 2498">
     <span class='ocr_line' id='line_1_119' title="bbox 1016 2460 1683 2498; baseline 0.007 -9"><span class='ocrx_word' id='word_1_656' title='bbox 1016 2462 1086 2490; x_wconf 73' lang='lat'>112.</span> <span class='ocrx_word' id='word_1_657' title='bbox 1111 2462 1232 2490; x_wconf 74' lang='lat' dir='ltr'>Durum</span> <span class='ocrx_word' id='word_1_658' title='bbox 1247 2460 1328 2498; x_wconf 69' lang='lat' dir='ltr'>olas]</span> <span class='ocrx_word' id='word_1_659' title='bbox 1353 2460 1440 2490; x_wconf 69' lang='lat' dir='ltr'>Infra</span> <span class='ocrx_word' id='word_1_660' title='bbox 1457 2463 1522 2492; x_wconf 81' lang='lat' dir='ltr'>Sat.</span> <span class='ocrx_word' id='word_1_661' title='bbox 1539 2463 1568 2492; x_wconf 83' lang='lat'>6.</span> <span class='ocrx_word' id='word_1_662' title='bbox 1585 2473 1614 2494; x_wconf 82' lang='lat' dir='ltr'>v.</span> <span class='ocrx_word' id='word_1_663' title='bbox 1631 2463 1683 2495; x_wconf 81' lang='lat'>69.</span> 
     </span>
    </p>

    <p class='ocr_par' dir='ltr' id='par_1_36' title="bbox 1141 2503 1566 2544">
     <span class='ocr_line' id='line_1_120' title="bbox 1141 2503 1566 2544; baseline 0.005 -11"><span class='ocrx_word' id='word_1_664' title='bbox 1141 2503 1330 2540; x_wconf 62' lang='lat' dir='ltr'>Mihifisttz</span> <span class='ocrx_word' id='word_1_665' title='bbox 1340 2503 1404 2533; x_wconf 81' lang='lat' dir='ltr'>luce</span> <span class='ocrx_word' id='word_1_666' title='bbox 1416 2510 1566 2544; x_wconf 77' lang='lat' dir='ltr'>coquatur</span> 
     </span>
    </p>

    <p class='ocr_par' dir='ltr' id='par_1_37' title="bbox 1019 2546 1136 2576">
     <span class='ocr_line' id='line_1_121' title="bbox 1019 2546 1136 2576; baseline 0 0"><span class='ocrx_word' id='word_1_667' title='bbox 1019 2546 1136 2576; x_wconf 68' lang='lat' dir='ltr'>Ustica.</span> 
     </span>
    </p>

    <p class='ocr_par' dir='ltr' id='par_1_38' title="bbox 967 2589 1817 2801">
     <span class='ocr_line' id='line_1_122' title="bbox 1011 2589 1817 2634; baseline 0.004 -14"><span class='ocrx_word' id='word_1_668' title='bbox 1011 2590 1124 2629; x_wconf 75' lang='lat' dir='ltr'>Populi</span> <span class='ocrx_word' id='word_1_669' title='bbox 1137 2589 1249 2629; x_wconf 78' lang='lat' dir='ltr'>cribro]</span> <span class='ocrx_word' id='word_1_670' title='bbox 1273 2589 1421 2630; x_wconf 81' lang='lat' dir='ltr'>Vulgari,</span> <span class='ocrx_word' id='word_1_671' title='bbox 1444 2592 1562 2631; x_wconf 80' lang='lat' dir='ltr'>rariori,</span> <span class='ocrx_word' id='word_1_672' title='bbox 1587 2599 1725 2633; x_wconf 84' lang='lat' dir='ltr'>setace0,</span> <span class='ocrx_word' id='word_1_673' title='bbox 1751 2605 1817 2634; x_wconf 84' lang='lat' dir='ltr'>quo</span> 
     </span>
     <span class='ocr_line' id='line_1_123' title="bbox 967 2631 1816 2677; baseline 0.008 -15"><span class='ocrx_word' id='word_1_674' title='bbox 967 2631 1067 2663; x_wconf 85' lang='lat' dir='ltr'>farina</span> <span class='ocrx_word' id='word_1_675' title='bbox 1083 2644 1151 2664; x_wconf 91' lang='lat' dir='ltr'>non</span> <span class='ocrx_word' id='word_1_676' title='bbox 1167 2633 1302 2663; x_wconf 82' lang='lat' dir='ltr'>omnino</span> <span class='ocrx_word' id='word_1_677' title='bbox 1314 2633 1438 2663; x_wconf 83' lang='lat' dir='ltr'>furfure</span> <span class='ocrx_word' id='word_1_678' title='bbox 1450 2640 1593 2667; x_wconf 82' lang='lat' dir='ltr'>succreta</span> <span class='ocrx_word' id='word_1_679' title='bbox 1605 2647 1725 2677; x_wconf 88' lang='lat' dir='ltr'>panem</span> <span class='ocrx_word' id='word_1_680' title='bbox 1738 2638 1816 2668; x_wconf 82' lang='lat' dir='ltr'>facit</span> 
     </span>
     <span class='ocr_line' id='line_1_124' title="bbox 967 2676 1814 2714; baseline 0.008 -9"><span class='ocrx_word' id='word_1_681' title='bbox 967 2676 1208 2714; x_wconf 82' lang='lat' dir='ltr'>secundarium,</span> <span class='ocrx_word' id='word_1_682' title='bbox 1233 2685 1298 2714; x_wconf 82' lang='lat' dir='ltr'>quo</span> <span class='ocrx_word' id='word_1_683' title='bbox 1315 2677 1433 2714; x_wconf 88' lang='lat' dir='ltr'>plebeii</span> <span class='ocrx_word' id='word_1_684' title='bbox 1448 2686 1643 2710; x_wconf 77' lang='lat' dir='ltr'>vescuntur:</span> <span class='ocrx_word' id='word_1_685' title='bbox 1672 2690 1742 2711; x_wconf 91' lang='lat' dir='ltr'>non</span> <span class='ocrx_word' id='word_1_686' title='bbox 1757 2692 1814 2711; x_wconf 81' lang='lat' dir='ltr'>au-</span> 
     </span>
     <span class='ocr_line' id='line_1_125' title="bbox 968 2720 1814 2764; baseline 0.007 -16"><span class='ocrx_word' id='word_1_687' title='bbox 968 2724 1036 2749; x_wconf 87' lang='lat' dir='ltr'>tem</span> <span class='ocrx_word' id='word_1_688' title='bbox 1050 2721 1172 2757; x_wconf 83' lang='lat' dir='ltr'>subtili,</span> <span class='ocrx_word' id='word_1_689' title='bbox 1188 2720 1316 2756; x_wconf 88' lang='lat' dir='ltr'>sericeo,</span> <span class='ocrx_word' id='word_1_690' title='bbox 1334 2720 1513 2761; x_wconf 86' lang='lat' dir='ltr'>pollinariO,</span> <span class='ocrx_word' id='word_1_691' title='bbox 1528 2733 1595 2762; x_wconf 89' lang='lat' dir='ltr'>quo</span> <span class='ocrx_word' id='word_1_692' title='bbox 1609 2725 1700 2764; x_wconf 81' lang='lat' dir='ltr'>panis</span> <span class='ocrx_word' id='word_1_693' title='bbox 1709 2724 1743 2753; x_wconf 87' lang='lat' dir='ltr'>fit</span> <span class='ocrx_word' id='word_1_694' title='bbox 1758 2724 1814 2754; x_wconf 84' lang='lat' dir='ltr'>de-</span> 
     </span>
     <span class='ocr_line' id='line_1_126' title="bbox 968 2762 1332 2801; baseline -0.005 -9"><span class='ocrx_word' id='word_1_695' title='bbox 968 2762 1093 2792; x_wconf 82' lang='lat' dir='ltr'>licatior</span> <span class='ocrx_word' id='word_1_696' title='bbox 1111 2764 1139 2791; x_wconf 62' lang='lat'>5„-</span> <span class='ocrx_word' id='word_1_697' title='bbox 1158 2762 1332 2801; x_wconf 85' lang='lat' dir='ltr'>siligineus.</span> 
     </span>
    </p>

    <p class='ocr_par' dir='ltr' id='par_1_39' title="bbox 965 2805 1816 2878">
     <span class='ocr_line' id='line_1_127' title="bbox 1015 2805 1816 2848; baseline 0.006 -14"><span class='ocrx_word' id='word_1_698' title='bbox 1015 2807 1086 2835; x_wconf 74' lang='lat'>113.</span> <span class='ocrx_word' id='word_1_699' title='bbox 1115 2806 1272 2834; x_wconf 76' lang='lat' dir='ltr'>Tentemas</span> <span class='ocrx_word' id='word_1_700' title='bbox 1289 2805 1418 2845; x_wconf 83' lang='lat' dir='ltr'>fauces]</span> <span class='ocrx_word' id='word_1_701' title='bbox 1451 2807 1669 2848; x_wconf 81' lang='lat' dir='ltr'>Experiamur</span> <span class='ocrx_word' id='word_1_702' title='bbox 1695 2820 1738 2839; x_wconf 87' lang='lat' dir='ltr'>an</span> <span class='ocrx_word' id='word_1_703' title='bbox 1766 2810 1816 2840; x_wconf 73' lang='lat' dir='ltr'>his</span> 
     </span>
     <span class='ocr_line' id='line_1_128' title="bbox 965 2848 1262 2878; baseline -0.003 0"><span class='ocrx_word' id='word_1_704' title='bbox 965 2854 1139 2878; x_wconf 83' lang='lat' dir='ltr'>contentus</span> <span class='ocrx_word' id='word_1_705' title='bbox 1156 2848 1262 2877; x_wconf 83' lang='lat' dir='ltr'>fueris.</span> 
     </span>
    </p>

    <p class='ocr_par' dir='ltr' id='par_1_40' title="bbox 969 2890 1816 2965">
     <span class='ocr_line' id='line_1_129' title="bbox 1014 2890 1816 2935; baseline 0.009 -16"><span class='ocrx_word' id='word_1_706' title='bbox 1014 2891 1126 2920; x_wconf 79' lang='lat' dir='ltr'>Tenero</span> <span class='ocrx_word' id='word_1_707' title='bbox 1139 2890 1218 2920; x_wconf 82' lang='lat' dir='ltr'>latet</span> <span class='ocrx_word' id='word_1_708' title='bbox 1232 2891 1318 2922; x_wconf 80' lang='lat' dir='ltr'>ulcus</span> <span class='ocrx_word' id='word_1_709' title='bbox 1328 2893 1360 2922; x_wconf 86' lang='lat' dir='ltr'>in</span> <span class='ocrx_word' id='word_1_710' title='bbox 1376 2893 1441 2933; x_wconf 86' lang='lat' dir='ltr'>ore]</span> <span class='ocrx_word' id='word_1_711' title='bbox 1464 2894 1517 2924; x_wconf 89' lang='lat' dir='ltr'>En</span> <span class='ocrx_word' id='word_1_712' title='bbox 1534 2896 1712 2926; x_wconf 78' lang='lat' dir='ltr'>exulcerari</span> <span class='ocrx_word' id='word_1_713' title='bbox 1727 2896 1816 2935; x_wconf 82' lang='lat' dir='ltr'>pala·</span> 
     </span>
     <span class='ocr_line' id='line_1_130' title="bbox 969 2934 1235 2965; baseline -0.008 0"><span class='ocrx_word' id='word_1_714' title='bbox 969 2941 1040 2965; x_wconf 88' lang='lat' dir='ltr'>tum</span> <span class='ocrx_word' id='word_1_715' title='bbox 1058 2935 1122 2964; x_wconf 83' lang='lat' dir='ltr'>istis</span> <span class='ocrx_word' id='word_1_716' title='bbox 1139 2934 1235 2964; x_wconf 85' lang='lat' dir='ltr'>dices.</span> 
     </span>
    </p>

    <p class='ocr_par' dir='ltr' id='par_1_41' title="bbox 968 2976 1818 3139">
     <span class='ocr_line' id='line_1_131' title="bbox 1017 2976 1817 3021; baseline 0.008 -15"><span class='ocrx_word' id='word_1_717' title='bbox 1017 2976 1112 3006; x_wconf 82' lang='lat' dir='ltr'>Ulcus</span> <span class='ocrx_word' id='word_1_718' title='bbox 1121 2977 1228 3016; x_wconf 80' lang='lat' dir='ltr'>putre]</span> <span class='ocrx_word' id='word_1_719' title='bbox 1252 2978 1327 3016; x_wconf 84' lang='lat' dir='ltr'>Vel,</span> <span class='ocrx_word' id='word_1_720' title='bbox 1348 2985 1516 3019; x_wconf 85' lang='lat' dir='ltr'>apostema</span> <span class='ocrx_word' id='word_1_721' title='bbox 1530 2981 1710 3012; x_wconf 84' lang='lat' dir='ltr'>causaberis</span> <span class='ocrx_word' id='word_1_722' title='bbox 1725 2983 1817 3021; x_wconf 82' lang='lat' dir='ltr'>quod</span> 
     </span>
     <span class='ocr_line' id='line_1_132' title="bbox 968 3020 1818 3063; baseline 0.007 -14"><span class='ocrx_word' id='word_1_723' title='bbox 968 3021 1088 3050; x_wconf 87' lang='lat' dir='ltr'>duriori</span> <span class='ocrx_word' id='word_1_724' title='bbox 1101 3020 1172 3050; x_wconf 88' lang='lat' dir='ltr'>cibo</span> <span class='ocrx_word' id='word_1_725' title='bbox 1187 3030 1255 3051; x_wconf 88' lang='lat' dir='ltr'>non</span> <span class='ocrx_word' id='word_1_726' title='bbox 1270 3022 1311 3052; x_wconf 89' lang='lat' dir='ltr'>sit</span> <span class='ocrx_word' id='word_1_727' title='bbox 1325 3024 1594 3062; x_wconf 82' lang='lat' dir='ltr'>exasperandum,</span> <span class='ocrx_word' id='word_1_728' title='bbox 1615 3024 1683 3063; x_wconf 76' lang='lat' dir='ltr'>vel,</span> <span class='ocrx_word' id='word_1_729' title='bbox 1705 3026 1818 3055; x_wconf 75' lang='lat' dir='ltr'>molli-</span> 
     </span>
     <span class='ocr_line' id='line_1_133' title="bbox 970 3065 1818 3136; baseline 0.005 -41"><span class='ocrx_word' id='word_1_730' title='bbox 970 3065 1046 3095; x_wconf 87' lang='lat' dir='ltr'>tiem</span> <span class='ocrx_word' id='word_1_731' title='bbox 1064 3070 1155 3136; x_wconf 64' lang='lat' dir='ltr'>tuapi</span> <span class='ocrx_word' id='word_1_732' title='bbox 1171 3065 1283 3103; x_wconf 86' lang='lat' dir='ltr'>prodes</span> <span class='ocrx_word' id='word_1_733' title='bbox 1296 3066 1372 3097; x_wconf 70' lang='lat' dir='ltr'>sane</span> <span class='ocrx_word' id='word_1_734' title='bbox 1387 3067 1573 3106; x_wconf 74' lang='lat' dir='ltr'>pudendam</span> <span class='ocrx_word' id='word_1_735' title='bbox 1587 3078 1597 3107; x_wconf 79' lang='lat'>3</span> <span class='ocrx_word' id='word_1_736' title='bbox 1623 3068 1652 3098; x_wconf 72' lang='grc' dir='ltr'>δι</span> <span class='ocrx_word' id='word_1_737' title='bbox 1665 3068 1818 3108; x_wconf 78' lang='lat' dir='ltr'>gulosum</span> 
     </span>
     <span class='ocr_line' id='line_1_134' title="bbox 971 3114 1181 3139; baseline -0.005 0"><span class='ocrx_word' id='word_1_738' title='bbox 971 3115 1004 3139; x_wconf 66' lang='lat'>18</span> <span class='ocrx_word' id='word_1_739' title='bbox 1020 3114 1122 3139; x_wconf 63' lang='lat' dir='ltr'>OSten(</span> <span class='ocrx_word' id='word_1_740' title='bbox 1136 3116 1181 3137; x_wconf 73' lang='grc' dir='ltr'>ΕΞ.</span> 
     </span>
    </p>
   </div>
  </div>
 </body>
</html>
