1948 3281
704 73 891 118 PERSII
924 70 1140 116 SATIRA
1170 70 1229 114 V.

1727 71 1808 118 '335

94 164 161 206 En
183 163 282 221 quid
303 163 388 222 agis
406 165 419 206 ?
452 163 623 219 Duplici
645 163 687 206 in
709 164 909 207 diversum
929 161 1122 205 scindetis
1144 160 1380 203 harno.Ecce
1401 161 1476 200 quid
1490 163 1605 201 facis!
1634 163 1736 195 Homo
1755 177 1812 207 ge-

95 222 333 273 Hunccine,
388 238 441 264 an
490 223 601 263 hunc
653 223 852 279 sequeris?
907 221 1059 264 Subeas
1110 219 1286 260 alternus

265 289 440 333 oportet,

96 334 283 390 Ancipiti
307 336 505 392 obsequio
529 337 718 379 dominos
741 337 917 378 alternus
939 335 1114 377 oberres.
1187 389 1194 396 ·

97 392 188 433 Nec
212 402 254 433 tu
278 395 375 435 cum
399 395 601 436 obstiteris
624 395 764 445 semel,
788 393 1038 448 instantique
1060 392 1218 447 negaris

99 449 239 490 Parere
262 450 446 506 imperio,
471 453 556 507 rupi
575 451 662 507 jam
685 451 862 501 vincula,
885 450 1010 491 dicas.

96 507 208 547 Nam
235 508 273 548 8c
295 509 444 551 luctata
466 509 576 550 canis
599 509 754 550 nodum
777 507 911 560 arripit
932 523 942 548 :

100 563 213 604 Cum
236 564 356 620 fugit,
382 565 407 606 a
428 567 533 607 collo
558 566 726 607 trahitur
747 580 834 621 pars
857 565 978 620 longa
999 572 1168 604 catenae.
1210 561 1257 602 16

1298 205 1378 233 mino
1414 205 1589 236 distraheris
1616 208 1648 237 irt
1679 209 1814 240 dit-ersa:

1236 277 1279 289 ,Ρ
1299 253 1413 286 partes.
1457 248 1507 277 An
1535 249 1618 279 illum
1640 252 1813 289 sectabor-iv,

1209 277 1283 318 1³0
1297 299 1337 319 an
1350 290 1439 319 istum
1452 289 1466 318 .⁷
1491 291 1621 321 Necesse
1630 298 1674 322 est
1692 302 1725 323 ut
1739 295 1810 324 sub-

1290 332 1400 371 jaceas
1423 332 1550 362 duobus
1573 335 1698 364 dominis
1723 338 1811 367 vicis-

1297 375 1364 412 sim,
1380 374 1468 404 dubio
1483 376 1617 415 servitio,
1647 379 1669 414 ᾅς
1685 379 1812 409 vicissim

1299 417 1470 447 obambules
1504 418 1587 448 cirea
1624 421 1704 449 illos.
1764 422 1811 451 Et

1298 461 1418 499 quando
1436 465 1469 490 tu
1485 463 1697 501 repugnaveris
1707 465 1812 502 semel,

1299 505 1322 541 ξ
1339 504 1521 533 recusaveris
1546 504 1664 534 obedire
1690 508 1812 539 urgenti

1262 562 1288 601 Ο
1300 547 1456 583 mandato,
1483 556 1519 575 ne
1534 549 1700 586 propterea
1716 549 1810 587 dicas,

1300 590 1384 618 modo
1404 592 1529 618 catenas
1540 588 1641 630 fregi.
1686 590 1810 622 Etenim

977 516 1154 547 attamen
1178 503 1235 545 illi

97 634 183 663 canis
195 635 286 664 etiam
302 636 485 676 obagitando
501 636 650 666 vinculum
668 636 772 674 aufert
785 646 794 663 .-
818 633 1011 663 nihilominus
1033 632 1152 672 quando
1167 631 1317 672 aufugit;
1341 631 1433 672 longa
1451 642 1526 672 pars
1540 636 1655 662 catenae
1669 638 1812 672 raptatur

144 808 237 849 Fugit
251 808 338 848 liora]
355 810 430 840 Vita
444 811 561 839 sensim
577 809 721 847 elabitur,
740 814 777 838 ut
793 813 930 848 tempus.

104 852 215 882 Horat.
232 853 284 882 lib.
300 854 332 883 2.
345 853 405 882 Od.
423 856 450 882 5.

190 894 293 924 Currit
309 896 487 932 enim-feroa-
502 900 586 927 celas.

103 937 213 977 virgil.

414 981 507 1021 Fugit
520 982 716 1021 irreparabile
731 987 854 1021 tempus.

143 1023 212 1052 Hoc
226 1025 306 1062 quotl
320 1024 435 1063 loquor,
448 1025 518 1055 inde
531 1026 590 1063 est]
626 1026 795 1065 Temporis
812 1026 838 1054 ἃ
858 1024 927 1053 vitae

99 1066 250 1105 fugientis
276 1073 398 1106 partem
429 1069 525 1097 etiam
553 1069 685 1099 absumo
715 1069 856 1107 aliquam
884 1067 928 1096 lo-

101 1109 231 1148 quendo
246 1115 364 1140 tecum.

101 1152 214 1182 Horat.
230 1152 284 1183 lib.
301 1154 327 1182 l.
345 1153 406 1182 ΟΛ.
426 1157 474 1184 ll.

355 1196 435 1225 Dum
451 1196 739 1238 loquimur,fugerit
753 1197 856 1227 invida

356 1238 468 1268 AEtas:
492 1251 581 1279 carpe
597 1241 685 1269 diem.

102 1281 199 1310 Laeva
213 1281 344 1319 paulum
358 1292 448 1312 mens
464 1292 528 1313 erat
541 1283 708 1320 'rurnebo,
721 1283 793 1313 cum
810 1283 864 1313 lib.
877 1283 929 1312 20.

101 1333 171 1362 cap.
190 1327 216 1354 1.
243 1325 332 1355 hunc
358 1325 466 1354 locum
492 1327 531 1355 sit
557 1326 728 1362 intellexit,
752 1327 824 1364 quia
844 1325 929 1364 perit

99 1367 204 1395 sensim
220 1367 296 1404 rita,
320 1367 388 1396 inde
403 1368 458 1396 tibi
473 1368 578 1407 loquor
591 1372 625 1397 ut
645 1372 673 1398 te
687 1379 819 1397 moneam
835 1368 927 1406 jube-

101 1419 207 1446 amque
235 1419 356 1448 carpere
377 1410 506 1450 gaudia,
533 1412 697 1450 antequam
720 1411 776 1440 tibi
793 1415 931 1450 pereant.

102 1451 212 1481 Multo
227 1452 326 1489 aliter,
343 1454 371 1482 δι
385 1463 460 1483 cum
476 1454 553 1492 aliis,
568 1455 733 1494 magisque
748 1455 788 1484 ad
800 1464 929 1484 sensum

102 1493 229 1524 Horatii
242 1495 403 1535 Persiique
427 1496 468 1526 D.
486 1496 677 1537 Hieronym.
694 1496 879 1527 Comment.
897 1497 931 1525 in

102 1535 204 1575 Epist.
220 1537 259 1566 ad
275 1537 381 1568 Galat.
402 1539 456 1569 lib.
475 1541 504 1569 S.
520 1550 589 1579 cap.
607 1541 637 1570 6.
682 1538 780 1569 Breve
801 1544 859 1577 est,
882 1540 930 1569 in-

102 1580 186 1617 quit,
203 1580 271 1609 viloe
287 1579 373 1610 istius
387 1582 564 1612 curriculum
577 1594 586 1610 :
615 1583 670 1612 hoc
683 1583 779 1621 ipsum
793 1583 872 1621 quod
887 1582 930 1611 lo-

101 1631 186 1660 quor,
210 1624 290 1661 quod
303 1625 409 1662 scribo,
425 1626 503 1663 quod
515 1625 616 1666 relego
626 1637 639 1661 ‚·
662 1626 699 1655 de
714 1629 842 1664 tempore
856 1635 930 1663 meo,

103 1665 174 1693 mihi
189 1669 243 1694 aut
257 1667 376 1704 crescit,
392 1671 445 1696 aut
462 1668 586 1706 deperit.

148 1709 218 1738 154.
242 1708 293 1738 En
306 1710 378 1748 quid
389 1711 459 1750 agis
469 1709 503 1751 7]
528 1711 692 1741 Hactenus
705 1711 931 1750 Prosopopoeia

102 1750 155 1780 illa
172 1752 200 1780 ἂ
215 1751 358 1792 dialogus
375 1753 569 1793 perelegans.
612 1754 689 1784 Jam
710 1754 783 1784 vero
805 1754 931 1784 Stoicus

101 1794 142 1822 ad
158 1794 317 1824 Damam:
346 1795 397 1825 En
414 1796 509 1835 igitur
523 1797 562 1826 ad
578 1796 697 1826 diversa
712 1797 932 1835 contrariaque

102 1836 245 1874 traheris,
260 1838 325 1867 huc
339 1837 378 1867 ad
393 1839 535 1877 quietem
552 1840 578 1869 3.-
595 1840 776 1878 voluptates
798 1839 815 1868 a
831 1839 931 1869 luxu-

102 1879 157 1917 ria,
186 1879 264 1909 illuc
291 1881 329 1910 ad
354 1881 480 1912 lucrum
507 1883 534 1911 Sc
563 1882 703 1912 laborem
727 1882 765 1912 ab
790 1882 930 1917 avaritia,

102 1922 180 1960 quid
194 1923 289 1962 igitur
302 1923 418 1953 facies?
441 1923 517 1957 Quo
540 1930 572 1955 te
597 1924 782 1955 convertes?
811 1924 931 1954 Jamne

101 1965 198 1995 sentis
217 1967 245 1996 Sc
259 1964 402 1996 fateberis
419 1974 450 1996 te
463 1977 528 1997 esse
543 1978 682 2005 servum,
700 1970 727 1998 ἃ
743 1967 854 1997 duram
870 1968 930 1997 sub

101 2006 185 2036 duris
199 2008 334 2039 dominis
350 2010 462 2039 servire
478 2010 685 2040 servitutem?

145 2050 272 2088 Duplici
293 2052 325 2081 in
355 2052 500 2082 diversum
527 2053 671 2083 scindetis
700 2052 800 2091 hamo]
837 2052 932 2082 Varia

102 2091 237 2131 duplicis
252 2095 409 2124 servitutis
433 2097 619 2126 necessitate
642 2105 811 2136 oppressus
837 2097 931 2135 quasi

102 2135 293 2165 discinderis.

145 2178 262 2216 Hamo]
285 2179 408 2209 Prorsus
423 2181 462 2210 ad
479 2191 543 2211 rem
561 2186 609 2211 est
622 2182 709 2220 quod
725 2182 814 2212 initio
830 2181 931 2212 Lubri

102 2221 142 2250 de
161 2221 279 2251 invidia
295 2223 324 2251 ἃ
341 2223 411 2252 odio
426 2223 614 2254 Plutarchus
630 2225 694 2263 ait3
719 2225 824 2254 vitium
837 2224 932 2254 hamis

101 2272 164 2292 esse
185 2265 273 2302 quasi
289 2265 432 2304 plur-ibus
452 2267 629 2296 instructum
650 2268 673 2304 ὃς
688 2271 850 2305 armatum,
874 2277 934 2297 ωο-

101 2306 286 2346 &uastis-por:
325 2309 407 2338 certe
434 2319 512 2347 pura
538 2310 636 2339 virtus
661 2320 726 2339 rara
751 2310 836 2340 avis:
875 2311 932 2349 qui

102 2348 241 2379 luxurie
258 2351 362 2381 sordes
385 2351 546 2391 effugerit,
570 2354 598 2382 &c
621 2353 706 2382 foeda
728 2353 932 2391 voluptatum

101 2393 226 2423 cavebit
251 2394 420 2433 lenocinia,
445 2395 469 2423 is
492 2396 588 2425 hamo
610 2397 751 2434 capietur
776 2395 932 2435 avaritiae5

103 2435 153 2464 vel
169 2438 286 2467 contra.
319 2437 513 2476 Metaphora
529 2446 576 2468 est
587 2438 605 2467 a
620 2439 806 2476 piscatione,
821 2439 854 2467 in
870 2448 934 2476 qua

102 2477 203 2514 pisces
232 2480 329 2510 hamo
358 2490 417 2509 seu
443 2481 514 2510 esca
542 2481 661 2510 diversa
700 2482 728 2510 ἃς
764 2481 934 2518 multiplici

102 2522 300 2561 quandoque
316 2523 509 2560 inescantur,
534 2529 571 2552 ut
586 2525 754 2562 capiantur
768 2524 934 2554 alterutro.

150 2565 219 2593 155.
238 2566 406 2603 Hunccine,
421 2576 460 2594 an
476 2565 554 2595 hunc
569 2567 700 2604 sequeris
711 2566 742 2604 ἒ]
765 2568 820 2596 An
837 2568 934 2596 avari-

103 2606 195 2644 tiam,
219 2617 262 2637 an
288 2607 476 2638 luxuriam?
499 2609 618 2647 otium,
641 2618 682 2638 an
705 2608 852 2640 sudores?
883 2609 933 2638 lu-

103 2657 208 2685 crum,
224 2660 266 2679 an
281 2652 461 2690 voluptates
476 2651 486 2680 ?

145 2690 258 2721 Subeas
269 2695 402 2723 alternus
417 2694 549 2733 oportet]
572 2693 674 2732 Quid,
688 2695 713 2724 si
728 2695 858 2733 utrique
873 2704 934 2725 ser-

103 2734 256 2764 viendum
271 2735 282 2764 ἲ
318 2737 415 2766 modo
442 2738 531 2775 huic,
562 2738 660 2767 modo
690 2737 736 2766 illi
769 2738 934 2776 obtempe-

105 2785 186 2813 rans,
203 2778 300 2816 quarn
318 2779 429 2809 miser!
467 2781 553 2809 haud
577 2780 721 2819 profecto
744 2780 935 2819 simpliciter

104 2817 220 2848 fueris!

149 2861 220 2891 156.
243 2862 382 2901 Ancipiti
392 2866 526 2904 obsequio
542 2864 688 2903 dominos]
722 2864 819 2894 Binas
834 2864 934 2894 dorni-

105 2905 239 2934 natrices
254 2907 389 2936 vicissim
412 2917 560 2947 sequens,
583 2909 700 2938 dubius
715 2908 854 2944 interim,
871 2908 935 2937 utri

105 2947 307 2985 potissimum
323 2954 356 2978 te
371 2950 502 2981 addicas.

150 2989 311 3029 Obsequio]
336 2991 550 3024 Reconditum
574 2995 607 3023 in
630 2995 687 3023 hac
712 3002 789 3022 voce
804 3002 934 3022 sensum

103 3032 220 3071 vulgus
236 3033 323 3062 haud
336 3036 504 3073 expiscari,
517 3044 655 3066 monent
671 3035 844 3065 doctiores:
868 3045 935 3065 non

102 3081 149 3104 est
165 3075 368 3115 obsequium,
383 3085 419 3108 ut
435 3084 561 3117 putant,
576 3079 763 3115 famulatus,
777 3078 828 3107 vel
840 3087 936 3117 opera

974 809 1070 838 alicui
1086 813 1218 846 navata3
1242 806 1295 837 sed
1312 807 1467 848 patientia
1480 806 1723 848 &indulgentia
1734 818 1807 849 erga
1826 843 1832 850 ,

972 852 1050 881 alios
1075 852 1187 888 nimia,
1217 849 1282 890 qua
1312 860 1422 880 eorum
1446 850 1605 881 voluntati
1629 852 1658 880 δι
1684 851 1808 883 libidini

975 895 1047 933 plus
1078 903 1172 933 aequo
1199 893 1445 930 obsecundatur,
1483 894 1580 923 etiam
1613 899 1724 924 contra
1760 895 1806 926 fas

974 938 1002 966 ὅ(
1019 938 1188 974 rationem,
1203 942 1239 965 ut
1254 936 1352 975 vulgo
1363 936 1487 965 faciunt
1501 941 1718 966 assentatores.
1741 938 1806 968 Te-

973 981 1094 1010 rentius
1110 980 1144 1009 in
1161 979 1293 1015 Andria,
1318 978 1486 1017 obsequium
1509 980 1645 1017 opponit
1668 980 1807 1020 veritati,

974 1024 1038 1062 qua
1053 1023 1101 1052 vel
1117 1023 1211 1052 amici
1228 1030 1467 1059 nonnunquam
1481 1020 1702 1060 offenduntur,
1726 1024 1806 1054 adeo

973 1067 1090 1096 nolunt
1104 1065 1252 1095 homines
1276 1064 1418 1103 proprios
1433 1073 1540 1093 naevos
1564 1065 1593 1093 ἀ
1620 1073 1735 1095 errores
1759 1067 1806 1096 vi.

971 1108 1056 1146 dere,
1086 1109 1134 1137 vel
1166 1107 1282 1137 audire.
1330 1105 1510 1144 Obsequium
1539 1107 1662 1145 amicos,
1692 1108 1807 1139 veritas

970 1151 1070 1180 odium
1078 1151 1175 1189 parit.
1219 1149 1329 1183 Quem
1341 1149 1449 1179 locum
1464 1151 1492 1179 Sc
1506 1151 1700 1180 sententiam
1716 1151 1805 1182 illus·

972 1200 1033 1224 trat
1049 1194 1159 1224 Cicero
1182 1194 1214 1223 in
1239 1192 1349 1228 Laelio,
1373 1201 1465 1222 num.
1483 1192 1535 1223 91.
1580 1191 1732 1230 Molesta,
1755 1195 1806 1225 in·

972 1237 1056 1275 quit,
1071 1237 1183 1266 veritas
1194 1239 1250 1273 est,
1266 1234 1409 1273 siquidem
1424 1244 1463 1263 ea:
1483 1245 1518 1264 ea
1534 1235 1672 1265 nascitur
1691 1236 1806 1275 odium,

971 1281 1051 1319 quod
1065 1285 1109 1309 est
1122 1288 1264 1309 venenum
1277 1277 1418 1308 amicilia:
1428 1288 1437 1304 :
1460 1278 1515 1306 sed
1528 1277 1696 1316 obsequium
1712 1280 1807 1310 multo

972 1323 1135 1360 molestius,
1157 1322 1237 1361 quod
1266 1320 1404 1359 peccatis
1430 1319 1590 1360 indulgens
1615 1322 1806 1360 precipitem

972 1366 1099 1394 amicum
1105 1365 1192 1402 ferri
1207 1364 1291 1394 sinit.
1335 1362 1376 1392 Et
1394 1362 1490 1401 paulo
1505 1363 1596 1401 post:
1621 1363 1653 1392 ἐπ
1666 1364 1805 1403 obsequio

971 1408 1099 1438 comitas
1113 1407 1191 1437 adsit
1203 1418 1218 1442 ‚⁰
1239 1404 1405 1436 assentatio
1426 1404 1565 1435 vitiorum
1583 1404 1723 1445 adjutrix
1732 1417 1806 1447 pro-

973 1451 1024 1480 cul
1038 1455 1223 1480 amoveatur.

1020 1493 1160 1532 Oberres]
1173 1491 1332 1532 Perpetua
1347 1491 1575 1529 discursatione
1585 1491 1667 1522 circa
1679 1497 1804 1523 utrum-

975 1546 1040 1576 que
1051 1536 1234 1572 dominum,
1261 1541 1298 1565 ut
1313 1534 1442 1564 satisfiat
1457 1534 1611 1564 contraria
1633 1535 1730 1565 etiam
1744 1537 1805 1566 im-

973 1579 1177 1618 perantibus3
1210 1587 1278 1608 non
1303 1577 1372 1608 sine
1399 1577 1497 1617 gravi,
1524 1576 1591 1606 imo
1613 1577 1805 1609 intolerabili

972 1623 1127 1652 molestia.

1019 1667 1093 1695 157.
1116 1663 1185 1694 AVec
1209 1667 1242 1693 tu
1268 1662 1335 1692 cum
1356 1662 1507 1692 obstiteris
1528 1662 1633 1701 semel]
1656 1663 1707 1693 Ne
1731 1665 1806 1695 vero

973 1707 1057 1738 dicas
1079 1713 1112 1737 te
1133 1707 1224 1737 alteri
1239 1713 1508 1745 repugnaturum,
1528 1705 1579 1734 vel
1596 1707 1733 1744 utrique,
1757 1709 1805 1737 ni·

973 1750 1079 1780 mium
1091 1750 1234 1780 saevienti
1246 1760 1256 1787 3
1271 1750 1382 1788 sicque
1394 1748 1530 1778 liberum
1544 1747 1611 1777 fore
1624 1748 1642 1776 ὲ
1654 1750 1805 1780 servitute

973 1793 1026 1823 illa
1039 1794 1190 1823 vitiorum
1207 1791 1384 1822 durissima.

1015 1835 1128 1874 Semel]
1170 1834 1311 1864 Hir-undo
1336 1843 1398 1863 una
1427 1843 1484 1863 non
1499 1832 1587 1870 facit
1611 1843 1673 1871 ver,
1701 1834 1808 1873 inquit

975 1878 1172 1914 Aristoteles,
1198 1887 1251 1906 nec
1270 1876 1356 1915 parit
1380 1880 1435 1907 aut
1464 1875 1549 1905 tollit
1571 1876 1716 1913 habitum,
1739 1875 1809 1918 ἔξω,

972 1931 1050 1951 unus
1063 1925 1117 1951 aut
1133 1919 1214 1950 alter
1227 1924 1322 1949 actus.

1019 1965 1092 1995 158.
1114 1963 1198 2001 Rupi
1214 1963 1284 2001 jam
1307 1961 1441 2000 vincula,
1466 1960 1566 2000 dicas]
1590 1960 1666 1991 Non
1683 1963 1808 2002 rupisti,

973 2008 1122 2047 inquam,
1144 2006 1199 2037 sed
1225 2006 1358 2044 rejecisti
1381 2014 1462 2035 mox
1485 2004 1543 2034 tibi
1565 2013 1690 2035 rursum
1706 2006 1806 2044 injici-

976 2051 1068 2080 enda.

975 2094 1069 2124 Ovid.
1087 2094 1199 2124 Amor.
1213 2092 1268 2122 lib.
1285 2093 1316 2121 8.
1331 2091 1420 2131 Eleg.
1439 2092 1490 2121 10.

1016 2136 1140 2166 Scilicet
1155 2136 1345 2174 asseruijam
1358 2144 1417 2173 me,
1421 2133 1562 2174 fugique
1576 2136 1709 2164 catenas.

974 2179 1087 2210 Horat.
1105 2180 1162 2209 lib.
1178 2181 1209 2208 2.
1226 2180 1291 2208 Sat.
1311 2180 1341 2208 7.

1255 2221 1282 2251 Ο
1312 2220 1401 2250 toties
1427 2219 1552 2250 servus!
1601 2219 1675 2252 Quae
1710 2219 1809 2250 bellu·

1104 2274 1138 2294 ru
1163 2266 1202 2294 tis

1019 2307 1096 2338 C'zim
1109 2275 1335 2347 sei'nel'effiegz’t,
1350 2306 1450 2335 reddit
1465 2315 1496 2335 se
1506 2315 1606 2345 prava
1621 2306 1746 2335 catenis.

1021 2352 1094 2382 159.
1132 2350 1266 2380 Luc-tata
1296 2349 1392 2387 canis,
1419 2348 1485 2386 430]
1521 2349 1632 2378 Probat
1661 2348 1678 2376 a
1705 2349 1812 2380 simili.

975 2392 1072 2424 Canis
1095 2394 1168 2423 cum
1193 2394 1247 2423 diu
1270 2394 1478 2430 multumque
1494 2396 1640 2420 catenam
1658 2393 1811 2430 excussit,

976 2443 1033 2467 aut
1047 2437 1142 2466 dente
1158 2444 1334 2473 morsuque
1355 2435 1464 2473 aliqua
1486 2441 1574 2472 parte
1597 2434 1698 2472 fregit,
1712 2434 1813 2473 fugit-

978 2489 1064 2518 que3
1088 2485 1231 2510 attamen
1255 2478 1333 2516 quia
1361 2477 1556 2516 pendentem
1582 2476 1664 2505 collo
1689 2483 1809 2507 catenae

977 2530 1099 2561 partem
1115 2522 1233 2560 trahit3
1259 2529 1326 2550 non
1347 2519 1477 2549 difficile
1499 2519 1670 2555 reducitur,
1701 2521 1811 2559 religa-

976 2571 1095 2605 turque
1107 2565 1227 2594 firmius
1242 2565 1269 2593 δι’
1283 2564 1396 2592 arctius
1410 2563 1509 2601 quarn
1521 2562 1627 2591 antea.
1650 2563 1703 2591 Sic
1716 2562 1812 2601 plane

977 2613 1087 2638 tecum
1110 2614 1220 2647 agetur
1236 2606 1368 2636 homine
1383 2604 1476 2643 longa
1489 2605 1576 2633 vitiis
1600 2614 1635 2634 ac
1660 2605 1813 2634 diuturna

976 2652 1128 2681 servitute
1146 2649 1339 2687 mancipato.
1385 2648 1493 2677 Semel
1508 2648 1692 2687 iterumque
1708 2648 1812 2676 forsan

977 2694 1150 2732 aliquando
1175 2694 1304 2728 resistes,
1325 2699 1437 2720 eorum
1461 2691 1647 2729 importuna
1663 2690 1811 2719 sollicita-

977 2737 1066 2766 tione
1085 2736 1256 2773 fatigatus3
1281 2741 1313 2763 at
1329 2733 1427 2772 paulo
1443 2734 1516 2770 post
1538 2733 1573 2762 iis
1597 2739 1628 2761 te
1652 2734 1736 2761 ultro
1759 2732 1811 2761 ad-

977 2779 1060 2808 dices
1075 2778 1269 2816 turpissime,
1290 2782 1348 2806 aut
1362 2776 1538 2813 occasione,
1561 2783 1617 2804 aut
1637 2775 1811 2803 veliemen-

977 2822 1018 2850 tia
1043 2821 1215 2850 abstractus
1244 2825 1272 2849 6:
1298 2819 1471 2858 impulsus,
1495 2819 1646 2847 nimirum
1671 2826 1812 2854 propen-

977 2864 1100 2893 sionem
1124 2863 1162 2892 ad
1188 2872 1224 2891 ea
1247 2863 1362 2891 retines
1387 2863 1415 2890 δε
1433 2861 1615 2892 circumfers
1637 2860 1734 2896 longo
1752 2868 1813 2887 usu

978 2906 1160 2942 conflatam,
1177 2915 1277 2944 quarn
1292 2905 1435 2944 frangere
1452 2913 1519 2933 non
1540 2905 1583 2932 ita
1606 2901 1697 2931 facile
1712 2906 1767 2935 est
1783 2902 1812 2930 δι

980 2955 1181 2987 promptum.

1021 2991 1160 3029 Nodum}
1185 2990 1314 3021 Catenae
1333 2989 1443 3022 nodos.
1467 2987 1606 3022 vincula,
1625 2986 1763 3025 Synecd.

1024 3034 1096 3064 160.
1124 3032 1268 3064 Trahitur
1278 3044 1353 3072 pars
1369 3032 1461 3070 longa
1477 3029 1605 3068 catena]
1640 3028 1749 3068 Vulgo
1771 3028 1816 3059 di-

981 3077 1084 3107 cimus
1101 3076 1141 3107 de
1157 3087 1206 3115 e0,
1233 3077 1380 3116 quisquis
1396 3075 1517 3104 instans
1534 3073 1673 3103 exitium
1687 3077 1744 3101 aut
1762 3081 1818 3111 pe-
