1934 3227
650 495 728 556 A.
778 495 1000 556 PERsu
1049 493 1281 555 FLAccl

700 641 1235 723 VITA.

876 825 1073 832 ψ-

192 930 453 1024 AULUS
479 947 669 996 Persius
696 945 900 994 Flaccus
924 952 1068 993 natus
1094 952 1167 993 est
1193 944 1459 993 Volaterris
1484 945 1535 993 in
1556 947 1739 997 Hetru-

186 1016 265 1075 ria,
307 1016 419 1065 Fab.
454 1013 662 1067 Pe1·,sico
703 1016 744 1061 &
779 1011 833 1059 L.
862 1011 1064 1060 Vitellio
1102 1011 1240 1060 Coss
1283 1011 1415 1059 circa
1450 1011 1742 1064 vicesimum

188 1056 384 1147 Iniperii
406 1081 586 1130 Tiberii
614 1079 816 1128 Caesaris
842 1095 1040 1135 annum,
1083 1077 1112 1125 ὲι
1152 1077 1352 1127 Christo
1377 1095 1516 1143 passo
1542 1079 1642 1128 fere
1665 1097 1738 1129 se·

186 1150 420 1207 cundum,
466 1157 601 1212 patre
639 1147 815 1194 Flacco
839 1145 1018 1209 Equite
1048 1145 1284 1202 Romane,
1328 1161 1475 1209 quem
1510 1146 1740 1196 sexennis

185 1216 359 1274 amisit,
391 1226 543 1262 matre
566 1213 739 1262 Fulvia
764 1212 994 1269 Sisennia,
1024 1211 1073 1258 in
1095 1228 1240 1274 quam
1262 1210 1442 1275 pietate
1466 1210 1599 1259 fuit
1587 1213 1739 1277 insig-

182 1282 248 1339 ni,
293 1280 705 1362 quemadmodum
748 1282 790 1326 &
829 1294 946 1341 erga
978 1293 1193 1336 sorores;
1234 1277 1355 1326 illud
1390 1276 1534 1326 initio
1570 1279 1738 1327 Satirae

183 1355 334 1396 sextae
367 1345 523 1395 fusius
556 1347 842 1403 declaratur,
881 1345 941 1393 ad
978 1361 1022 1391 v.
1054 1345 1086 1390 6
1110 1344 1257 1392 verba
1297 1344 1416 1401 haec,
1457 1344 1574 1391 milei
1610 1361 1738 1393 nunc

184 1413 344 1477 Ligus
367 1429 453 1461 ora
479 1413 671 1476 intepet
745 1411 876 1459 Cum
901 1427 1139 1459 annorum
1165 1419 1287 1459 esset
1311 1409 1571 1458 duodecim
1598 1411 1739 1460 venit

186 1479 408 1536 Romam,
458 1479 542 1527 ubi
578 1478 853 1530 Remmium
880 1478 1204 1525 Palaemonem
1231 1476 1626 1525 Grammaticum
1650 1494 1738 1526 au-

189 1545 330 1603 divit,
364 1545 625 1594 Rhetorem
648 1545 762 1594 vero
789 1543 1072 1607 VIrginium
1092 1543 1328 1600 Flavium,
1361 1542 1464 1590 aliis
1486 1542 1734 1593 Flaccum.

186 1614 359 1660 Annos
393 1621 534 1659 natus
575 1612 828 1660 sexdecim
870 1626 1063 1683 operam
1106 1609 1242 1658 dedit
1278 1609 1469 1656 Annaeo
1510 1609 1738 1659 Cornuto

187 1678 363 1726 Stoicae
411 1678 737 1752 Philosophiae
780 1676 1118 1740 antesignano,
1164 1692 1310 1739 quem
1354 1675 1500 1723 etiam
1534 1675 1741 1725 mirifice

187 1743 342 1791 coluit
366 1745 459 1791 ab
449 1761 552 1817 ipso
588 1744 766 1808 pariter
789 1751 992 1799 amatuS,
1038 1750 1096 1789 ut
1120 1751 1256 1807 patet
1281 1758 1343 1789 ex
1366 1741 1521 1789 Satira
1547 1742 1739 1805 quinta.

191 1810 330 1864 Quin
368 1813 409 1857 ἃ
448 1826 488 1857 el
525 1809 709 1874 legavit
740 1826 839 1857 non
865 1808 1159 1856 mediocrem
1184 1824 1500 1856 nummorum
1530 1807 1741 1884 copiam,

188 1875 421 1923 nimirum
447 1876 665 1923 sestertia
689 1884 903 1929 centum,
943 1882 1029 1921 aut
1053 1873 1183 1920 sicut
1212 1874 1293 1920 alii
1328 1874 1517 1932 volunt,
1547 1874 1744 1948 argenti

187 1940 308 1989 facti
335 1942 500 2006 pondo
528 1940 721 2005 viginti,
763 1949 934 2004 praeter
960 1938 1316 1986 Bibliothecam
1352 1955 1503 1998 suam,
1553 1939 1605 1987 in
1641 1956 1740 2003 qua

187 2018 448 2056 numerant
473 2008 622 2071 aliqui
650 1979 821 2054 Li’bros
849 2005 1107 2070 Chrysippi
1133 2005 1489 2079 septIngentos.
1525 2006 1596 2052 At
1616 2005 1739 2054 Cor-

184 2083 334 2121 nutus
359 2073 447 2122 hos
473 2074 670 2137 quidem
696 2073 1184 2146 accepit‚pecun1am
1209 2079 1373 2119 autem
1399 2070 1594 2135 reliquit
1621 2072 1737 2121 Per-

186 2139 244 2186 sii
270 2140 526 2214 sororibus,
557 2157 674 2214 quas
698 2139 909 2187 haeredes
934 2138 1012 2185 ille
1031 2136 1228 2186 lecerat.
1302 2136 1443 2185 Obiit
1466 2153 1528 2186 ex
1556 2146 1739 2186 stoma-

187 2205 266 2252 chi
311 2205 445 2263 vitio,
496 2206 543 2253 in
580 2207 682 2271 ipso
724 2205 879 2253 aetatis
919 2205 1047 2262 flore,
1099 2221 1229 2252 anno
1272 2203 1460 2252 scilicet
1496 2203 1737 2268 vigesimo

186 2280 377 2329 octavo,
411 2281 496 2319 aut
521 2289 622 2320 non
648 2271 808 2319 multo
833 2273 982 2328 secus,
1015 2273 1056 2318 &
1081 2270 1276 2335 Imperii
1303 2269 1517 2318 Neronis
1544 2270 1739 2319 circiter

187 2346 377 2394 octav‚o
420 2338 659 2401 quicquid
695 2337 774 2385 alii
811 2309 993 2395 dicant',
1041 2337 1240 2401 ipseque
1279 2335 1566 2400 Hieronym.
1599 2336 1737 2399 quod

186 2403 395 2467 egregie,
429 2413 484 2452 ut
509 2404 685 2463 omnia,
718 2403 1036 2451 Casaubonus
1063 2403 1306 2451 observat.
1374 2402 1539 2450 Fuisse
1571 2401 1739 2450 revera

186 2470 419 2528 Persium,
465 2478 521 2518 ut
548 2470 736 2518 Probus
762 2469 919 2528 refert,
962 2469 1261 2518 verecundia
1297 2467 1535 2531 virginali,
1572 2468 1735 2516 animo

187 2536 387 2594 sincero,
424 2536 639 2602 impense
675 2536 882 2594 erudito,
927 2535 1025 2583 aeri
1061 2537 1192 2585 certe
1231 2538 1272 2583 &
1310 2534 1545 2582 vitiorum
1581 2535 1736 2599 impa-

188 2602 347 2660 tienti,
383 2606 423 2651 &
450 2603 685 2651 Lucilii&
709 2602 903 2651 Horatii
923 2601 1219 2650 imitatorem
1237 2600 1498 2659 assiduum,
1525 2601 1736 2665 probant

188 2669 301 2717 satis
327 2670 430 2734 ejus
451 2670 616 2717 Satirae
642 2669 869 2717 doctrina
893 2668 1080 2716 refertae
1105 2673 1147 2716 &
1173 2669 1338 2715 Stoam
1364 2666 1619 2731 sapientes.
1659 2667 1738 2716 De

187 2731 262 2781 his
286 2735 430 2798 porro
463 2736 512 2782 id
538 2735 826 2793 notandum,
866 2735 916 2782 in
941 2735 1156 2809 antiquis
1184 2732 1475 2781 membranis
1510 2734 1613 2781 sine
1641 2733 1742 2781 ulla

187 2798 502 2849 distinctIOne
528 2801 790 2865 aliquando
816 2800 1020 2866 reperiri,
1067 2800 1204 2863 quasi
1235 2799 1356 2846 liber
1387 2808 1511 2847 esset
1536 2817 1663 2847 unus
1692 2801 1735 2846 δε

188 2865 466 2926 continuus,
499 2869 631 2931 quod
658 2871 700 2915 &
728 2875 1007 2930 agnoscunt
1043 2866 1329 2924 Piiscianus,
1371 2864 1733 2924 Quintilianus,

186 2930 377 2994 aliique,
418 2933 536 2981 dum
575 2951 676 2981 non
713 2933 909 2996 quidem
937 2932 1113 2980 Satiras
1139 2932 1302 2987 Persii,
1340 2932 1422 2979 sed
1448 2931 1627 2979 librum
1653 2949 1741 2996 ap-

181 2997 378 3058 pellant.
453 3000 506 3046 In
536 2999 828 3063 quibusdam
853 3007 1029 3056 tamen,
1063 2999 1229 3047 Satirae
1250 2998 1496 3046 duntaxat
1523 2997 1740 3072 quinque

179 3073 512 3135 numerantur,
545 3067 722 3129 quarta
748 3065 808 3113 ad
834 3065 1028 3114 tertiam
1047 3065 1303 3132 adjuncta.
1376 3064 1677 3131 Scripserat
1659 3081 1740 3129 Ju-
