1948 3281
108 69 192 109 292

713 65 900 107 PERSII
932 63 1152 106 SATIRA
1178 65 1264 107 111.

111 159 161 189 An
178 158 222 187 sie
237 167 269 187 se
294 167 342 188 10⁵
366 155 484 188 habet?
511 155 622 191 Quam-
636 156 763 198 Unus
780 154 834 195 ait
851 153 1070 195 comitum.
1103 155 1344 196 Verumne?
1380 155 1497 196 Itane
1516 154 1531 194 ?
1567 149 1708 206 Ocyus
1726 147 1831 191 adsit

105 201 238 242 primam
275 199 372 230 isthuc
403 201 506 230 veniat
543 200 623 238 quis-

108 245 218 284 piam:
242 245 381 273 nullusne
393 243 521 273 veniet?
544 242 626 272 Bilis

639 215 738 255 Huc
761 212 907 266 aliquis
927 227 937 251 ι
972 212 1141 252 nemon'
1160 212 1173 252 ?
1207 210 1424 275 Turgescit
1446 211 1569 252 vitrea
1590 208 1680 250 bilis
1701 223 1711 248 ε

108 287 266 327 pellucida
293 287 463 316 intumescit
490 288 521 315 in
551 269 816 316 mfflFindor:
851 277 897 309 ut
919 267 1110 309 Arcadiae
1135 283 1320 323 pecuaria
1341 269 1480 309 rudere
1502 267 1655 309 credas.

113 331 156 360 ita
189 340 308 369 rumpor
338 329 554 366 vociferando,
589 333 624 358 πῖ
637 329 731 369 Jam
753 325 870 376 liber,
897 325 935 366 &
956 325 1113 366 bicolor
1135 325 1277 380 positis
1300 325 1536 367 membrana
1559 322 1732 379 capilliS,
1780 321 1832 362 10

111 377 205 413 putes
220 373 326 402 rudere
335 382 446 411 pecora
460 371 624 401 Arcadica.

114 416 194 446 Mox
222 416 328 453 codex,
363 417 385 452 ᾅ-
414 424 626 453 pergamenum

640 386 774 439 Inque
796 398 943 424 manus
966 384 1133 434 chartae,
1166 384 1403 439 nodosaque
1425 382 1535 423 venit
1556 381 1729 422 arundo.

115 459 230 497 dupin-2·
246 458 356 494 colore,
376 458 452 497 pelis
468 442 747 494 depasta-Qum
774 440 957 497 queritur
976 455 1133 482 crassus
1151 441 1308 482 calamo
1326 440 1438 497 quod
1460 440 1631 495 pendeat
1652 440 1803 480 humor
1820 452 1831 477 ι

79 499 84 502 ’
117 505 140 540 ⁸5
158 512 307 541 papyrus,
331 503 352 539 ιδ·
377 503 512 529 ffllw⁷1118
535 500 628 528 ⁷10d08
639 498 771 554 Nigra
794 498 906 554 quod
929 497 1067 539 infusa
1088 507 1276 540 vanescat
1299 498 1406 554 sepia
1427 497 1624 553 lympha:

117 543 229 574 habens
274 544 412 573 manibus
442 543 626 571 inseruntur.

120 588 193 617 Tum
208 587 401 625 conqueritur
424 586 503 623 quod
516 586 629 623 spissus

115 631 213 669 liquor
238 630 347 659 haereat
370 629 399 657 in
421 638 524 667 penna
540 639 553 663 ,·
575 629 629 657 de-

641 556 806 598 Dilutas
827 555 1009 611 queritur
1029 556 1212 613 geminet
1234 556 1345 612 quod
1370 554 1504 597 fistula
1525 563 1676 609 guttas.

706 614 828 655 miser
849 615 858 656 i
891 613 1018 670 inque
1039 614 1122 656 dies
1147 614 1252 655 ultra
1272 613 1409 664 miser,
1427 612 1603 653 huccine
1625 624 1757 652 rerum
1785 612 1832 651 15

116 674 205 711 inde,
229 673 308 712 quad
322 676 390 701 ater
404 672 492 710 sepiae
507 672 627 701 humor
641 671 846 714 Venimus
866 673 880 712 ?
915 671 976 713 At
997 687 1070 713 cur
1092 686 1178 712 non
1201 671 1340 727 potius
1361 682 1582 725 teneroque
1604 668 1815 719 columbo,

117 727 212 746 vanus
229 716 304 752 fiat,
338 715 420 753 aqud
447 713 603 744 instillata
614 713 628 743 .²

118 760 229 799 postea
245 759 440 797 conqueritur
454 758 532 796 quod
546 759 628 787 cala-

117 813 181 832 mus
195 802 327 840 duplicet
341 801 445 830 stillas
459 800 606 839 liquidas.

643 731 696 771 Et
719 728 863 771 similis
886 731 1047 786 Regum
1071 729 1220 784 pueris,
1245 744 1417 785 pappare
1439 737 1650 768 minutum

654 799 681 828 Ο
695 799 808 836 infelix
819 799 832 827 Ι
868 801 890 837 (S
906 799 1004 830 indies
1016 799 1146 829 futurus
1163 800 1263 840 magis
1278 798 1402 837 infelix,
1427 808 1466 827 an
1481 798 1515 827 εὸ
1527 807 1625 827 rerum
1641 795 1831 826 devenimus?

118 845 179 874 Sed
191 855 284 884 quare
300 854 359 873 non
376 843 475 885 magis
486 854 546 883 par
560 843 645 874 molli
658 842 799 873 columba>
810 842 911 882 puIZO,
934 844 957 881 <S-
968 842 1045 880 filiis
1058 841 1192 883 Regum,
1215 842 1296 881 petis
1311 847 1444 873 teneram
1456 850 1553 871 escam

916 947 1045 955 .-

120 1030 234 1070 virgil.
254 1029 370 1069 Ecloga
388 1030 419 1058 2.

1003 1031 1068 1060 sius
1095 1031 1219 1060 variatis
1243 1029 1442 1066 nominibus,
1464 1027 1654 1067 arundinem,
1678 1028 1841 1069 calamum,

203 1073 297 1102 Nunc
310 1073 402 1102 elium
421 1072 553 1111 pecudes
570 1072 688 1101 umbras
705 1074 727 1110 ᾀ-
742 1072 872 1112 frigora
887 1083 958 1112 cap-
994 1073 1151 1112 fistulam,
1177 1079 1279 1104 vocat.

251 1120 328 1145 tant.

165 1162 192 1189 7.
223 1158 306 1188 Unus
333 1159 378 1188 ait
403 1158 557 1198 comitum]
595 1158 675 1188 Haec
705 1160 850 1197 plerique
880 1159 959 1190 refe-

123 1210 198 1233 runt
213 1203 252 1231 ad
280 1203 415 1240 priorem
442 1201 648 1231 sententiam.
696 1203 758 1232 Sed
774 1212 841 1232 non
858 1203 911 1232 abs
928 1213 961 1233 re

125 1245 293 1275 contendit
325 1245 535 1275 Casaubonus
571 1244 748 1275 finiendam
788 1252 862 1275 ante
891 1246 961 1276 haec

123 1289 218 1318 verba
247 1289 447 1327 praeceptoris
486 1289 759 1326 increpationem:
801 1294 838 1318 ut
869 1290 961 1318 verba

122 1333 203 1370 haec,
227 1341 305 1361 nnus
328 1333 372 1360 ait
400 1331 550 1369 comitum,
575 1332 674 1361 Persii
700 1333 762 1362 sint
788 1333 960 1362 narrantis:

127 1377 153 1404 ἃ
173 1386 245 1414 (μω
263 1380 456 1413 sequuntur,
479 1375 543 1404 sint
559 1375 856 1415 expergiscentium
873 1375 962 1405 disci-

127 1420 290 1458 pulorum,
575 1431 578 1433 Δ

172 1462 273 1499 Ocffls
285 1461 381 1500 fulsit]
406 1461 499 1490 Adsit
518 1461 661 1500 protinus
678 1461 833 1500 famulus,
851 1463 879 1492 δὲ
895 1471 962 1492 ves-

124 1511 170 1534 tes
185 1504 306 1541 afferat,
334 1513 367 1533 ut
381 1514 510 1544 surgam
534 1506 791 1543 quamprimum.

169 1548 196 1578 8,
227 1546 329 1576 Vitrea
345 1547 433 1587 hilis]
459 1547 561 1580 Quasi
587 1548 667 1577 vitro
691 1548 815 1585 similis,
839 1558 912 1588 quae
929 1549 964 1578 in

125 1591 219 1620 vultu
258 1591 408 1619 iracundo
446 1596 608 1629 appareat.
654 1591 768 1620 Horat.
804 1591 894 1621 Satir.
930 1593 966 1620 3.

126 1634 180 1663 lib.
216 1636 243 1663 1.
279 1633 477 1671 *S'plcndirlarn
506 1633 605 1671 bilem,
630 1633 723 1663 dixit.
772 1634 836 1664 Alii
867 1636 963 1664 inter-

125 1683 304 1716 pretantur,
329 1675 450 1713 inflata,
475 1677 706 1714 intumescens,
731 1681 768 1706 ut
793 1678 922 1708 vitrum.

169 1721 198 1750 9.
222 1719 353 1757 Fimlor]
379 1719 484 1749 Laxat
508 1720 647 1749 habenas
675 1720 844 1750 iracundiae
873 1725 967 1759 petu-

123 1764 193 1793 lans
210 1762 404 1800 adolescens,
430 1764 457 1792 &
473 1763 551 1801 quia
563 1763 602 1792 ad
616 1763 754 1793 laborem
771 1765 798 1793 S:
818 1765 966 1795 studium

125 1816 190 1836 non
215 1811 331 1844 sponte
359 1806 506 1843 trahitur,
530 1806 608 1835 iram
638 1807 672 1836 in
688 1805 829 1836 famulos
846 1817 967 1838 exone-

122 1855 177 1879 rat.
228 1848 368 1880 Quidam
385 1849 511 1888 legunt,
535 1849 680 1878 Finditur
690 1849 845 1888 Arcadiae,
863 1852 920 1881 dxc.

170 1890 325 1929 Arcadiae]
350 1891 450 1931 Regio
477 1897 523 1922 est
551 1891 768 1932 Peloponnesi
797 1894 917 1924 multos
935 1895 964 1925 ἂ

125 1945 257 1975 magnos
270 1936 360 1969 Valens
375 1936 490 1965 asinos.

170 1980 219 2008 10.
244 1977 350 2015 Liber]
374 1978 502 2018 Proprie
529 1983 576 2008 est
602 1979 752 2009 arborum
782 1984 906 2019 cortex,
931 1981 963 2012 in

125 2031 192 2060 quo
204 2022 296 2051 scribi
308 2021 428 2051 solebat
441 2026 516 2051 ante
531 2022 703 2052 inventum
718 2022 835 2052 chartae
854 2033 959 2054 usum.

126 2065 210 2095 Vide
231 2064 321 2094 infra.

164 2108 297 2146 Bit-olor]
343 2106 431 2140 Quia
467 2109 656 2138 membrana
690 2119 800 2139 crocea
827 2115 894 2139 erat
924 2109 963 2139 ea

124 2156 214 2191 parte
230 2150 295 2190 qua
313 2149 394 2188 pilos
410 2151 519 2187 habet,
542 2151 641 2180 altera
657 2154 730 2181 vero
744 2152 809 2191 qua
824 2152 966 2183 adhaeret

126 2195 245 2231 visceri,
269 2193 452 2223 candidior:
493 2193 616 2231 bicolor,
641 2195 720 2233 quod
743 2204 819 2233 pars
849 2205 965 2234 crocea,

120 2248 195 2275 pars
204 2237 363 2277 glutinata
377 2237 458 2275 apud
469 2237 611 2275 antiquos
621 2242 698 2275 erat,
713 2238 757 2267 ait
767 2244 856 2267 vetus
870 2239 967 2268 inter-

129 2290 206 2319 pres.
267 2280 366 2309 Variis
404 2281 502 2309 etiam
541 2281 700 2309 coloribus
739 2281 966 2311 inficiebantur

126 2324 336 2360 mombranae,
361 2324 515 2361 inquiunt
531 2323 595 2352 alii.
640 2323 702 2353 Sed
727 2324 906 2354 cavendum
925 2335 967 2354 ne

126 2366 330 2396 confundant
357 2366 551 2404 operculum
578 2366 649 2395 libri
676 2377 753 2396 cum
779 2368 967 2398 membrana

128 2411 160 2438 in
175 2419 239 2448 qua
255 2409 450 2438 scribebatur
468 2415 504 2439 ut
527 2415 639 2439 monet
657 2410 878 2440 Casaubonus.

168 2452 282 2482 Positis
309 2451 482 2482 membrana
506 2452 641 2491 capillis]
666 2452 742 2483 Non
766 2454 884 2483 desunt
909 2455 967 2492 qui

127 2496 378 2534 interpretentur
408 2495 447 2525 de
475 2496 600 2534 capillis
630 2496 840 2526 adolescentis
875 2497 966 2527 istius

126 2539 220 2576 pexis
253 2540 280 2568 &
313 2539 473 2577 comptis:
508 2539 562 2568 sed
600 2539 798 2579 refragantur
833 2540 965 2579 plurimi

125 2581 215 2619 iique
232 2581 417 2619 doctissimi,
443 2582 472 2611 δε
495 2582 684 2622 intelligunt
707 2582 748 2612 de
775 2582 848 2622 pilis
862 2593 966 2613 mem-

125 2624 231 2653 branae
256 2624 370 2654 abrasis
399 2625 546 2663 pumice,
581 2631 681 2664 atque
706 2625 786 2655 adeo
815 2626 966 2664 depositis

128 2668 156 2696 δε
175 2666 323 2705 demptis.
372 2667 467 2697 Certe
494 2672 607 2698 textus
634 2669 700 2708 ipse
726 2678 859 2698 sensum
875 2669 966 2699 hunc

127 2710 270 2747 adjuvat.

172 2755 219 2783 11.
264 2751 404 2792 Chartoe]
444 2752 600 2792 Repertus
637 2755 754 2785 chartae
792 2764 870 2785 usus
907 2756 967 2785 sub

127 2795 326 2833 Alexandro,
351 2801 431 2824 teste
454 2796 608 2827 Varrone.
654 2798 764 2828 Antea
790 2798 970 2829 scribebant

126 2841 159 2869 in
183 2838 265 2868 foliis
290 2838 439 2868 arborum
468 2841 495 2868 δι
525 2839 558 2869 in
575 2841 767 2871 corticibus:
793 2841 911 2872 deinde
937 2842 971 2872 in

126 2882 242 2912 chartis
270 2891 341 2920 qua:
367 2881 488 2911 fiebant
516 2882 533 2910 ὲ
559 2883 642 2913 foliis
659 2885 771 2924 papyri
791 2885 910 2914 arboris
934 2885 969 2915 in

126 2924 270 2964 AEgypto
302 2925 478 2954 crescentis.
536 2924 681 2956 Demum
717 2927 777 2957 sub
815 2927 968 2958 Eumene

126 2968 212 3007 Rege
240 2969 374 2997 'nventae
402 2973 479 2997 sunt
497 2967 643 3007 Pergami
659 2971 870 3010 membranae,
894 2981 966 3011 quae

126 3011 201 3040 inde
217 3010 423 3051 Pargamenae
438 3010 530 3040 dictae
547 3016 636 3040 sunt.

168 3055 309 3094 strando]
334 3055 466 3085 Veteres
482 3053 641 3087 arundine
657 3054 850 3095 pingebant.
894 3056 967 3087 Per-

1049 1120 1098 1147 12.
1138 1114 1297 1157 Pendeat]
1335 1115 1411 1146 Non
1427 1115 1507 1145 fluat
1522 1120 1741 1145 atramentum
1758 1116 1774 1145 ὲ
1791 1126 1841 1146 ca-

1002 1159 1101 1197 lamo,
1126 1162 1154 1190 &
1180 1160 1272 1200 quasi
1297 1159 1477 1199 pendulum
1497 1159 1616 1188 haereat
1640 1159 1681 1188 ob
1706 1160 1841 1190 nimiam

1004 1205 1188 1234 crassitiem.

1051 1249 1101 1277 13.
1138 1247 1242 1288 Nigra
1274 1246 1365 1286 quod,
1403 1244 1471 1283 23·c·]
1509 1244 1611 1275 Modo
1650 1247 1843 1284 querebatur

1006 1291 1094 1328 quod
1117 1296 1337 1320 atramentum
1367 1289 1463 1319 nimis
1493 1289 1628 1327 spissum
1661 1295 1752 1328 esset,
1772 1291 1843 1329 jam

1005 1334 1080 1363 dicit
1097 1334 1228 1363 dilutius
1244 1343 1323 1371 esse,
1346 1334 1374 1362 S:
1391 1332 1578 1370 scripturam
1596 1341 1662 1362 non
1679 1343 1842 1374 apparere,

1005 1384 1063 1406 aut
1078 1386 1175 1408 suum
1192 1377 1299 1416 potius
1313 1385 1380 1406 non
1396 1375 1513 1404 habere
1532 1375 1681 1405 colorem.

1048 1418 1173 1459 SepiaJ,
1197 1419 1414 1459 Metonyrnia,
1448 1427 1505 1456 pro
1533 1418 1627 1456 sepiae
1657 1419 1751 1457 piscis
1780 1421 1843 1451 hu-

1006 1473 1095 1494 more
1109 1470 1188 1501 atro,
1212 1464 1269 1502 qui
1281 1466 1462 1492 atramento
1474 1462 1601 1491 similis:
1627 1471 1727 1501 quem
1745 1465 1843 1495 etiam

1007 1516 1062 1544 pro
1087 1512 1267 1537 atramento
1292 1505 1388 1535 fuisse
1413 1504 1501 1543 apud
1532 1504 1640 1542 Afros,
1676 1506 1722 1535 ait
1750 1515 1844 1538 vetus

1007 1549 1175 1590 Interpres.
1221 1550 1273 1579 De
1297 1549 1390 1588 sepiae
1407 1553 1521 1578 natura
1538 1548 1565 1576 ἃ*
1585 1548 1749 1588 industria,
1774 1550 1845 1581 vide

1008 1592 1087 1625 Plin.
1114 1594 1167 1623 lib.
1190 1595 1222 1625 9.
1247 1603 1316 1633 cap.
1341 1592 1395 1622 29.
1419 1593 1447 1621 δι
1471 1591 1526 1621 lib.
1553 1592 1608 1622 52.
1636 1601 1708 1631 cap.
1737 1595 1786 1623 10.
1808 1595 1844 1625 in

1007 1635 1081 1666 tine.

1053 1681 1103 1710 14.
1128 1679 1256 1709 Dilutas
1275 1677 1429 1720 queritur]
1454 1678 1556 1708 Addit
1572 1679 1600 1708 δε
1618 1684 1748 1718 propter
1763 1679 1846 1710 affu-

1009 1732 1076 1752 sam
1100 1733 1220 1762 aquam
1245 1723 1326 1753 adeo
1352 1722 1516 1761 liquidum
1542 1720 1667 1752 factum
1683 1733 1751 1753 esse
1765 1730 1845 1754 atra-

1010 1772 1176 1804 mentum,
1202 1772 1239 1796 ut
1255 1776 1416 1806 papyrum
1432 1765 1586 1803 maculet,
1610 1765 1739 1797 uberius
1754 1767 1845 1797 efflu-

1010 1818 1068 1839 ens
1082 1810 1182 1849 quam
1200 1820 1269 1848 pars
1279 1810 1330 1839 sit,

1058 1854 1106 1882 15.
1133 1852 1160 1882 Ο
1177 1853 1292 1892 Miser]
1315 1852 1383 1886 Qui
1401 1857 1448 1882 tot
1471 1853 1497 1881 Sc
1516 1857 1583 1881 tam
1601 1861 1696 1881 vanas
1711 1852 1845 1892 pigriti‘erz

1010 1896 1236 1926 excusationes
1251 1896 1432 1935 praetendit,
1449 1895 1548 1934 quam
1565 1895 1661 1924 miser
1677 1900 1724 1924 est
1739 1895 1745 1924 ἔ

1052 1939 1189 1969 Haecine
1204 1949 1303 1968 rerum
1315 1939 1446 1967 venimus
1458 1937 1489 1976 .⁷]
1505 1937 1644 1967 Adeone
1659 1938 1722 1967 vile
1738 1944 1786 1968 est
1799 1949 1847 1969 sa-

1007 1981 1136 2021 pientia:
1157 1983 1318 2020 studium,
1341 1987 1378 2011 ut
1410 1986 1474 2010 tarn
1505 1979 1592 2009 lente
1621 1981 1650 2010 δι
1677 1982 1847 2013 oscitanter

1007 2025 1178 2064 captetur?
1214 2026 1308 2055 Porro
1323 2025 1467 2054 observat
1485 2023 1695 2053 Casaubonus
1707 2025 1847 2061 juvenes

1009 2078 1090 2106 quos
1107 2069 1157 2098 hic
1174 2068 1335 2108 redarguit
1349 2067 1499 2107 magister
1514 2066 1579 2104 illc,
1604 2076 1672 2097 non
1695 2067 1794 2098 fuisse
1810 2069 1848 2098 ea

1009 2117 1114 2149 aetate‚
1140 2118 1176 2141 ut
1201 2112 1259 2141 ista
1286 2111 1420 2150 puerilia
1449 2115 1669 2148 causarentur,
1692 2110 1746 2139 sed
1774 2112 1849 2142 alias

1008 2154 1118 2183 solitos
1131 2154 1241 2184 afferre
1257 2154 1388 2193 ignaviae
1402 2152 1625 2183 excusationes
1642 2153 1729 2182 haud
1743 2155 1848 2185 multo

1009 2198 1103 2236 nugis
1125 2198 1187 2227 illis
1212 2200 1391 2237 graviores:
1413 2195 1501 2226 unde
1528 2205 1586 2234 per
1601 2196 1850 2228 similitudinem

1010 2241 1164 2270 ironicam
1183 2242 1199 2270 ὲ
1217 2241 1368 2280 magistro
1385 2240 1602 2279 exagitentur.

1058 2283 1107 2313 16.
1131 2284 1177 2313 At
1202 2294 1256 2314 cur
1285 2293 1345 2312 non
1367 2282 1488 2322 potins]
1512 2282 1690 2321 Increpatio
1718 2283 1793 2313 acris
1819 2285 1849 2314 δε

1010 2328 1185 2357 sarcastica.
1234 2327 1317 2357 Cum
1341 2336 1387 2355 res
1402 2327 1508 2363 serias,
1532 2326 1629 2363 quale
1645 2332 1691 2355 est
1706 2327 1850 2356 Philoso-

1010 2370 1095 2409 phiae
1113 2371 1271 2407 studium,
1295 2374 1360 2398 tam
1378 2368 1466 2407 pigre
1489 2377 1652 2407 capessas,
1679 2369 1759 2407 quin
1787 2379 1850 2408 po-

1012 2412 1073 2443 tius
1088 2413 1128 2443 ad
1144 2414 1204 2443 alia
1218 2413 1354 2443 omnino
1370 2410 1550 2441 incumbis?
1574 2410 1657 2440 Illud
1674 2412 1795 2450 desere,
1819 2414 1850 2442 δε

1011 2456 1148 2486 mollitei
1163 2462 1194 2486 te
1210 2461 1318 2486 totum
1336 2455 1395 2484 da:
1422 2455 1450 2484 <Sc
1472 2454 1546 2483 cum
1563 2454 1645 2483 nolis
1657 2454 1797 2485 laborare
1814 2461 1853 2485 ut

1010 2499 1068 2538 vir,
1086 2508 1205 2539 nugare
1223 2503 1261 2528 ut
1277 2508 1358 2538 puer
1374 2508 1384 2537 3
1406 2498 1474 2528 imo
1488 2497 1528 2526 ad
1544 2497 1647 2536 ipsam
1665 2497 1730 2527 redi
1745 2498 1851 2528 infan-

1013 2543 1103 2581 tiam,
1126 2543 1158 2571 in
1176 2552 1241 2581 qna
1265 2551 1327 2572 nec
1342 2542 1464 2571 labores
1484 2539 1523 2569 ad
1537 2540 1735 2570 mandendos
1751 2542 1852 2581 cib0S‚

1010 2584 1065 2615 sed
1083 2595 1277 2624 praemansos
1292 2587 1323 2615 δε
1338 2585 1461 2615 attritos
1473 2584 1591 2622 capias.

1057 2627 1225 2668 Tener-oque
1240 2627 1388 2666 columbo]
1409 2627 1475 2658 Cui
1505 2632 1608 2656 mater
1636 2627 1852 2658 semicoctum

1010 2672 1027 2701 ὲ
1043 2681 1103 2701 suo
1118 2672 1301 2702 ventriculo
1317 2672 1428 2701 cibum
1445 2674 1628 2700 extractum
1644 2671 1679 2700 in
1694 2680 1728 2700 os
1742 2671 1852 2701 inserit

1011 2720 1049 2745 ut
1063 2714 1184 2744 facilius
1200 2715 1397 2754 molliusque
1412 2714 1528 2743 alatur.

1057 2758 1106 2787 17.
1132 2756 1253 2798 Regum
1264 2757 1383 2796 pueris]
1418 2755 1486 2788 Qui
1511 2756 1632 2786 deliciis
1657 2758 1687 2786 &
1712 2756 1852 2796 Imperio

1011 2800 1161 2831 innutriti
1178 2802 1287 2831 omnia
1302 2801 1341 2831 ad
1355 2799 1521 2830 libidinem
1536 2809 1629 2829 suam
1643 2799 1711 2829 fieri
1725 2800 1854 2839 volunt,

1011 2853 1072 2874 nec
1089 2853 1183 2884 grave
1199 2844 1380 2884 quidquam
1394 2843 1578 2882 suscipiunt
1589 2849 1645 2872 aut
1663 2842 1852 2874 molestum.

1012 2886 1061 2917 Ita
1085 2886 1171 2925 apud
1196 2893 1318 2917 veteres
1343 2886 1447 2916 notari
1462 2886 1608 2915 solebant
1623 2885 1779 2924 corruptis
1794 2887 1852 2916 ho-

1012 2930 1116 2959 mines
1132 2930 1285 2968 moribus,
1309 2930 1417 2969 inquit
1438 2928 1662 2966 Casaubonus,
1686 2932 1731 2957 est
1745 2927 1854 2958 similis

1012 2972 1133 3013 Regum
1143 2973 1260 3012 pueris,
1284 2973 1364 3011 puta
1378 2972 1473 3010 alicuj
1480 2982 1515 3002 us
1530 2971 1745 3010 Sardanapali.

1056 3015 1214 3055 Pappare]
1232 3015 1413 3045 infinitivus
1425 3025 1482 3054 pro
1496 3015 1630 3045 nomine
1641 3014 1853 3051 substantivo,

1015 3064 1051 3088 ut
1067 3061 1133 3090 Sat.
1154 3061 1181 3089 1.
1215 3058 1364 3089 Nostrum
1377 3058 1460 3090 illud
1470 3058 1569 3089 vivere
1584 3058 1682 3088 triste.
1730 3057 1853 3087 Sensus
