1948 3281
590 72 929 118 JUVENALIS
961 71 1180 116 SATIRA
1208 73 1339 116 VIII.
1783 82 1860 124 143

1278 165 1323 205 15
1339 164 1453 202 inanis,
1477 168 1569 204 atque
1598 168 1758 201 delicatior
1781 174 1857 204 lecet

1339 207 1461 236 oricula
1478 208 1632 246 Euganea
1646 224 1658 247 ,·
1691 215 1717 241 si
1744 216 1858 247 lumbos

1340 250 1446 280 molles
1479 248 1603 289 ,ἴνῖεΐῑιε
1637 257 1753 292 pumice
1795 262 1855 290 Ca-

1340 295 1462 324 tanensi
1512 295 1689 327 dehonestat
1727 304 1858 341 majores

1339 339 1505 376 squalizws,
1544 350 1581 368 ac
1619 342 1714 371 carici
1744 355 1855 377 merca-

1341 386 1390 410 tor
1432 381 1586 418 infelicem
1623 384 1747 423 stirpem
1785 399 1855 419 con-

1341 424 1471 454 taminat
1515 425 1617 466 effigie
1660 432 1856 469 rumpenda?

122 168 287 220 Vanus,
322 166 362 210 δε
382 168 580 223 Euganea
600 167 866 223 quantumvis
891 164 1054 207 mollior
1075 163 1207 220 agna:

124 229 170 270 Si
194 237 378 268 tenerum
400 225 560 267 attritus
585 225 800 267 Catinensi
823 224 987 279 pumice
1009 222 1202 263 lumbum

125 283 385 340 Squallentes
408 283 583 326 traducit
606 299 729 324 avos:
765 294 1008 338 emptorque
1031 280 1175 320 veneni

125 342 367 398 Frangenda
389 341 581 383 miseram
605 342 788 382 funestat
812 340 988 395 imagine
1011 337 1207 395 gentem?

121 400 229 441 Tota
251 400 346 440 licet
366 408 516 440 veteres
539 411 736 441 exornent
759 398 942 453 undique
964 412 1068 437 cerae

121 457 257 508 Atria,
281 458 607 500 NOBILITAS
632 457 716 498 sola
740 466 799 498 est
821 468 942 511 atque
966 455 1086 495 unica
1107 453 1249 495 virtus.
1272 452 1327 493 20

124 515 292 565 Paulus,
316 515 376 556 vel
403 515 578 566 Cossus,
601 516 659 557 vel
685 515 848 556 Drusus
873 512 1056 554 moribus
1079 521 1194 553 esto:

121 573 218 614 Hos
241 583 332 614 ante
354 572 506 629 effigies
530 573 732 628 majorum
758 586 863 628 pone
886 582 1082 612 tuorum:

124 631 362 672 Praecedant
384 630 488 685 ipsas
513 631 586 681 illi,
620 640 658 671 te
680 630 865 680 consule,
899 629 1045 685 virgas.

1343 467 1489 500 Quamvis
1525 470 1658 508 emtiquoe
1696 473 1852 513 imagines

1340 521 1432 540 cereoe
1468 513 1669 552 undequaque
1713 516 1853 548 decorent

1340 565 1424 584 omne
1436 555 1627 594 vestibulum,
1636 558 1779 589 nobilitas
1789 571 1853 592 una.

1339 602 1384 628 est
1411 599 1574 628 dumtaxat
1591 601 1697 631 virtus.
1743 602 1793 632 Ss's
1804 605 1850 634 in-

1340 642 1406 670 dole
1429 641 1560 681 Paulus,
1582 647 1637 673 aut
1653 644 1774 686 Cossus,
1796 652 1852 679 aut

123 689 244 720 Drusus
256 702 264 718 :
289 691 372 719 illam
384 690 498 730 praefer
513 689 701 730 imaginibus
713 698 836 720 avorum
853 692 969 718 tuorum
986 699 995 715 :
1031 686 1094 716 lzaec
1104 689 1221 726 proeeat
1236 685 1311 725 ipsis
1327 685 1433 725 virgis,
1450 689 1480 715 te
1495 685 1638 717 Consule.

122 832 229 863 Valer.
245 832 338 862 Max.
357 832 410 862 lib.
425 833 454 862 S.
475 841 545 870 cap.
561 832 590 861 5.
615 832 643 860 <Sc
660 830 776 861 Senec.
789 830 829 860 de
844 830 962 860 Benef.

121 876 221 906 1ib.2.
244 885 314 914 cap.
329 876 381 904 21.
407 875 463 904 ubi
486 874 674 905 Graecinum
699 874 828 904 Julium
855 874 960 904 virum

122 917 288 959 egregium'
303 917 426 956 laudat,
450 918 538 956 quod
552 917 726 956 pecuniam
744 917 761 945 a
776 917 875 947 Fabio
888 917 960 947 Per-

120 963 185 992 sico
212 963 340 991 missam
368 961 578 1000 repudiasset,
602 961 725 996 dicens,
749 960 837 990 nolle
862 970 894 990 se
919 962 960 991 ab

120 1014 160 1035 eo
174 1005 369 1035 beneficium
387 1005 543 1043 accipere,
566 1005 583 1034 a
607 1013 673 1043 quo
699 1004 960 1042 propinationem

119 1053 313 1087 accepturus
338 1056 403 1077 non
432 1053 507 1078 erat.
555 1047 663 1080 Quem
690 1048 722 1076 in
748 1048 856 1077 locum
873 1048 961 1079 Just.

118 1090 248 1130 Lipsius
262 1091 305 1121 ita
320 1091 424 1121 scribit
437 1103 443 1120 z
471 1091 502 1121 ls
514 1091 633 1121 Paulus
645 1090 757 1120 Fabius
769 1090 962 1128 Consulsuit

116 1134 172 1165 sub
205 1134 336 1170 Tiberio,
359 1144 440 1164 anno
465 1136 538 1166 786.
597 1134 698 1167 Quare
722 1133 893 1165 Persicus?
929 1137 958 1165 A

117 1188 189 1218 rege
214 1179 319 1215 Perse,
342 1178 460 1215 opinor,
496 1177 639 1208 memoria
666 1177 799 1207 rictorz'ae
825 1179 893 1218 ejus
921 1179 960 1208 ab

118 1220 245 1251 AEmilio
258 1220 359 1251 Paulo
374 1225 471 1258 parta:
484 1232 496 1255 ,-
530 1222 545 1250 ἐ
562 1232 621 1259 qua
632 1224 727 1261 gente
742 1220 879 1260 lzicfuit,
904 1223 960 1251 etsi

118 1265 248 1303 majores
261 1265 422 1303 adoptione
440 1265 586 1294 translati
608 1265 642 1293 in
657 1264 797 1294 Fabiam.
848 1264 960 1296 Clarus

116 1307 225 1348 igitur,
249 1308 301 1337 sed
316 1307 450 1345 dfoedas
462 1308 475 1336 Ι

162 1351 330 1389 Herculeo]
367 1351 420 1380 De
447 1351 590 1381 Hercule
606 1352 710 1381 multa
728 1350 890 1382 Diodorus
908 1353 957 1382 Si-

119 1394 214 1425 culus
237 1395 291 1425 lib.
311 1398 340 1424 5.
368 1396 482 1433 cap.2.
509 1395 574 1424 Tit.
601 1394 671 1424 Liv.
706 1393 761 1424 lib.
782 1396 807 1423 1.
837 1405 908 1435 cap.
927 1398 956 1428 7.

116 1438 172 1468 cit.

161 1479 257 1519 Lare]
280 1480 379 1512 Lares
393 1481 449 1511 Dii
464 1481 632 1511 familiares
649 1482 677 1511 Sc
695 1482 832 1511 domest.
851 1483 908 1521 qui
927 1485 955 1513 &-

118 1522 265 1559 Penates,
289 1525 447 1564 quoniam
463 1525 500 1555 in
516 1525 719 1554 interioribus
735 1525 854 1555 aedibus
871 1528 955 1556 cole-

118 1566 246 1605 bantur,
270 1569 354 1607 saepe
372 1574 568 1607 usurpantur
584 1578 640 1606 pro
658 1569 727 1607 ipsa
738 1567 845 1598 domo,
891 1568 954 1599 La-

117 1620 157 1638 rae
174 1610 339 1650 Nymphae
360 1612 389 1640 δε
404 1611 560 1641 Mercurii
574 1612 728 1642 dicuntur
742 1611 808 1641 filii.
857 1612 951 1643 Ovid.

117 1652 202 1683 Fast.
216 1655 249 1684 2.
272 1654 362 1684 Plato
376 1655 502 1684 dicebat
517 1655 666 1684 homines
682 1656 739 1694 qui
764 1654 854 1693 probi
870 1656 949 1685 fuis-

116 1702 201 1735 sent,
227 1702 299 1735 post
324 1703 462 1727 mortem
489 1698 584 1727 Lares
607 1698 689 1736 fieri,
711 1699 771 1737 qui
796 1698 870 1728 vero
890 1699 953 1730 irn-

117 1740 210 1777 probi
228 1742 256 1770 Sc
272 1750 427 1780 nequam,
451 1741 618 1771 Lemures.

163 1784 212 1812 15.
237 1783 406 1824 Euganea]
429 1784 493 1813 Tit.
513 1784 583 1813 Liv.
600 1783 691 1813 initio
717 1783 771 1812 lib.
790 1785 820 1813 1.
844 1784 951 1825 Euga-

117 1835 194 1855 neos
211 1827 293 1856 inter
310 1837 395 1856 mare
405 1828 574 1866 Alpesque
589 1827 703 1865 positos
721 1836 787 1856 esse
803 1827 950 1867 affirmat,

116 1869 145 1898 εἰ]
175 1870 214 1899 ab
243 1869 380 1899 Henetis
410 1870 528 1909 pulsos.
577 1869 660 1899 Plin.
683 1870 787 1899 lib.3.
812 1880 879 1910 cap.
898 1873 951 1902 20.

114 1910 284 1942 Graiarum
301 1913 440 1952 Alpium
456 1914 574 1942 incolas
590 1913 681 1950 dicit,
697 1920 951 1952 praestantesque

113 1964 233 1994 genere
262 1955 447 1995 Euganeos,
472 1957 546 1985 inde
571 1961 670 1985 tracto
697 1957 841 1986 nomine.
888 1958 950 1988 Ca-

111 1998 180 2036 pite
195 2000 270 2028 vero
297 2000 486 2038 praecedenti
510 2009 623 2029 eorum
640 1999 853 2038 Metropolim
878 2000 948 2031 Ve-

112 2050 225 2071 ronam
254 2043 375 2071 statuit.
423 2043 486 2072 Hic
515 2048 684 2082 ponuntur
713 2042 862 2081 Euganei
890 2054 948 2082 pro

113 2082 233 2114 Altinis
252 2085 279 2113 δε
295 2085 453 2114 Patavinis
468 2087 629 2123 affinibus,
653 2095 791 2123 quorum
819 2087 892 2116 lana
918 2089 947 2118 δε

113 2134 189 2156 oves
218 2126 390 2157 laudantur
422 2129 491 2157 turn
519 2129 607 2167 apud
635 2128 770 2158 Martial.
807 2130 860 2159 lib.
894 2132 944 2161 14.

112 2166 221 2209 Epigr.
244 2171 316 2199 155.
340 2170 414 2200 curn
429 2172 515 2209 apud
531 2172 617 2201 alios.

158 2213 207 2242 16.
234 2212 269 2241 Si
293 2218 426 2242 tenerum
453 2215 592 2252 attritus,
614 2213 682 2253 ξω]
707 2216 739 2245 Si
754 2215 945 2247 libidinosus

112 2254 141 2283 ἀ-
159 2255 286 2285 infamis
301 2257 407 2286 fuerit.

152 2299 290 2328 Attritus
307 2299 467 2330 Catinensi
476 2301 597 2340 pumice
612 2300 758 2339 lumbum]
789 2302 842 2331 Ex
857 2313 947 2335 more

111 2340 352 2380 impudicorum
370 2345 586 2382 quorumdam
613 2345 641 2373 Sc
661 2343 946 2386 effoemiuatorurn,

111 2386 168 2421 qui
184 2387 316 2424 pumice
331 2386 461 2416 lumbos
477 2387 664 2425 depilabant
677 2397 713 2416 ac
730 2388 920 2428 laevigabant
936 2404 943 2422 :

109 2433 148 2457 ut
163 2434 273 2458 caetera
290 2438 357 2459 non
369 2430 472 2459 dicam
490 2431 588 2469 paulo
604 2431 757 2469 turpiora.

153 2470 330 2510 Catinensi]
353 2473 477 2504 Catana
500 2475 566 2503 sive
586 2474 700 2505 Catina
716 2474 789 2503 urbs
806 2479 852 2504 est
869 2475 946 2507 Sici-

108 2513 158 2542 liae
174 2515 273 2545 vicini
288 2514 393 2546 AEtnae
415 2518 534 2546 montis
562 2518 652 2557 ignes
677 2520 704 2546 δε
732 2517 853 2556 lapides
870 2528 945 2550 evo-

109 2557 228 2587 mentis
254 2560 507 2589 eructationibus
533 2561 695 2590 obnoxia:
720 2570 787 2589 non
812 2570 943 2600 parvam

107 2599 186 2629 inde
198 2602 379 2632 vastitatem
396 2613 486 2642 passa
501 2613 587 2633 anno
607 2603 700 2634 1669.

151 2642 291 2683 Pumice]
313 2645 430 2676 Pumeae
445 2647 525 2685 lapis
537 2647 738 2686 spongiosus,
759 2646 874 2684 aridus,
894 2648 942 2679 in-

108 2687 222 2716 cendio
250 2694 416 2727 excoctus,
440 2690 593 2727 candens,
625 2689 758 2719 minime
786 2692 943 2728 pondero-

108 2736 173 2766 sus,
206 2730 292 2760 utilis
320 2732 359 2760 ad
383 2733 621 2773 laevigandum:
656 2741 756 2772 atque
784 2741 821 2762 ut
846 2734 944 2765 habet

106 2769 243 2810 PliniuS,
264 2773 318 2803 lib.
333 2775 388 2805 36.
409 2785 478 2814 cap.
495 2777 548 2806 21.
573 2776 610 2806 Ιη
625 2786 682 2806 usu
696 2786 851 2814 corporum
865 2779 945 2807 loevi—

102 2815 501 2857 gandorumfoeminisjam
518 2820 635 2858 quidem
653 2822 676 2858 {S-
692 2820 776 2849 viris.
799 2819 944 2851 Turneb.

105 2856 162 2887 lib.
178 2859 207 2888 7.
231 2868 305 2898 cap.
323 2861 376 2889 20.
398 2862 467 2892 vult
490 2863 543 2893 hic
561 2864 664 2893 notari
679 2863 874 2893 catanenses
889 2874 942 2893 ve-

104 2899 156 2930 lut
182 2901 323 2932 addictos
352 2903 430 2933 huie
458 2906 618 2945 mollitiei,
634 2906 722 2945 quod
751 2915 785 2935 se
815 2907 939 2945 glabros

105 2945 239 2982 pumice
256 2945 431 2976 redderent.

150 2988 200 3016 17.
223 2986 431 3028 Squallentes]
463 2990 523 3021 Vel
539 2992 732 3022 deformatos
748 3001 785 3022 ac
800 2992 942 3023 sordidos

105 3034 277 3069 vetustate,
304 3032 352 3061 vel
372 3042 414 3062 ex
429 3042 518 3063 more
532 3036 726 3066 bellatorum
743 3044 780 3065 ac
808 3035 941 3070 fortium

103 3072 258 3113 virorum,
280 3075 409 3106 cultum
423 3079 561 3118 corporis
577 3079 788 3119 negligentes.

1053 828 1217 867 Traducit]
1264 829 1455 867 Dedecorat,
1493 830 1523 860 ἅτ
1553 831 1669 869 probro
1699 835 1848 873 exponit.

1007 873 1162 903 Solebant
1188 873 1280 902 noxii
1308 882 1364 912 per
1385 873 1492 903 forum
1520 875 1549 903 <Sc
1572 876 1848 914 amphitheatrum

1004 915 1114 946 Romae
1131 916 1267 954 traduci,
1290 925 1436 956 appensa
1461 917 1547 946 collo
1572 918 1712 949 ferentes
1727 921 1846 960 elogia,

1006 969 1063 989 seu
1080 960 1301 999 inscriptiones
1317 960 1506 998 criminum,
1532 960 1561 989 Sc
1577 970 1642 990 suae
1659 962 1848 995 ’damnatio-

1006 1003 1054 1032 nis
1068 1012 1188 1033 causas.
1234 1003 1339 1033 Testis
1355 1004 1493 1033 Sueton.
1505 1002 1570 1034 Tit.
1582 1013 1654 1043 cap.
1670 1005 1702 1044 8,
1715 1008 1774 1036 dcc.

1049 1046 1238 1086 Emptorque
1265 1046 1389 1085 veneni]
1424 1046 1604 1076 Veneficus
1631 1048 1756 1087 *infami
1785 1050 1846 1082 hac

1005 1096 1073 1120 arte
1091 1096 1198 1120 notus.

1053 1133 1099 1163 18.
1127 1131 1332 1173 Frangendd]
1358 1132 1472 1173 Frangi
1495 1131 1603 1173 digna.
1646 1134 1723 1166 Jam
1748 1137 1844 1176 supra

1005 1178 1115 1207 notavi
1131 1186 1173 1206 ex
1189 1177 1312 1215 Lipsio,
1335 1176 1442 1215 dejici,
1467 1176 1582 1216 frangi,
1606 1186 1641 1207 ac
1658 1178 1756 1208 deleri
1767 1189 1844 1210 con-

1004 1221 1145 1250 suevisse
1159 1229 1272 1250 eorum
1296 1220 1466 1260 imagines,
1491 1220 1548 1258 qui
1564 1220 1809 1259 degenerassent
1826 1224 1845 1253 ἦ

1003 1272 1067 1292 suae
1084 1264 1188 1303 gentis
1204 1263 1384 1301 nobilitate,
1408 1267 1446 1293 ut
1461 1263 1488 1292 8.·
1508 1263 1632 1294 rursum
1646 1265 1765 1296 indicat
1779 1266 1801 1297 J
1807 1277 1842 1296 u-

1004 1308 1127 1336 venalis
1145 1308 1209 1336 Sat.
1231 1309 1282 1336 10.
1306 1316 1369 1337 ver.
1389 1307 1441 1336 58.

1045 1349 1208 1389 Funestat]
1247 1349 1349 1382 Quasi
1383 1349 1496 1380 funere
1531 1350 1666 1380 incestat
1704 1353 1734 1382 <Sc
1771 1353 1843 1393 pol-

1013 1399 1071 1422 uit.

1048 1437 1098 1467 19.
1126 1431 1223 1475 Certe]
1247 1436 1332 1466 Vide
1348 1437 1455 1475 supra,
1479 1433 1518 1466 ad
1533 1447 1596 1469 ver.
1613 1439 1645 1467 2.

1042 1480 1096 1510 21.
1121 1480 1254 1519 Paulus,
1278 1481 1327 1509 vel
1350 1480 1470 1518 Cossus,
1504 1480 1570 1518 ξεῖ]
1604 1482 1709 1521 Pauli,
1733 1482 1839 1522 Cossi,

1000 1521 1099 1554 Drusi
1114 1524 1249 1554 virtutes
1264 1524 1428 1553 aemulare.

1040 1566 1174 1606 Paulus]
1208 1567 1325 1596 Paulus
1342 1565 1495 1596 AEmilius
1513 1566 1705 1598 fortitudine
1720 1571 1839 1608 pariter

995 1618 1032 1639 ac
1058 1610 1274 1650 temperantia
1303 1611 1415 1640 clarus.
1462 1610 1515 1640 De
1543 1621 1582 1640 eo
1607 1612 1774 1642 Plutarch.
1801 1615 1838 1645 in

996 1654 1069 1690 ejus
1093 1655 1167 1684 vita.
1221 1654 1376 1683 Aurelius
1402 1653 1513 1684 Victor
1541 1653 1580 1683 de
1607 1655 1680 1685 viris
1706 1656 1838 1688 illustri-

996 1695 1067 1733 bus,
1092 1698 1150 1727 dcc.

1042 1740 1166 1779 Cossus]
1191 1741 1298 1771 Aulus
1326 1741 1494 1771 Cornelius
1521 1741 1638 1771 Cossus
1667 1741 1836 1775 Tribunus

996 1782 1144 1813 Militum
1156 1784 1379 1813 Tolumnium
1394 1784 1588 1814 Veientium
1607 1795 1716 1824 regem
1743 1787 1837 1826 glori-

996 1824 1049 1854 ose
1065 1827 1154 1863 vicit,
1176 1832 1276 1865 atque
1299 1827 1411 1864 opima
1436 1827 1476 1856 de
1504 1837 1542 1857 eo
1569 1828 1671 1866 spolia
1693 1830 1838 1860 secunda

994 1869 1105 1899 retulit
1120 1869 1271 1899 Feretrio.
1295 1869 1362 1899 Tit.
1380 1869 1453 1899 Liv.
1477 1870 1533 1900 lib.
1550 1871 1581 1899 4.
1598 1881 1669 1909 cap.
1688 1872 1738 1902 19.
1761 1873 1836 1904 Flo-

993 1920 1046 1941 rus
1062 1917 1174 1942 autem
1191 1913 1244 1942 lib.
1261 1914 1292 1942 4.
1307 1922 1380 1951 cap.
1398 1914 1449 1943 12.
1470 1912 1632 1952 Augustus
1647 1913 1762 1953 Caesar,
1786 1916 1837 1946 in-

992 1954 1076 1992 quit,
1104 1954 1234 1985 Getulos
1249 1958 1370 1985 accolas
1394 1955 1529 1994 Syrtium
1549 1955 1641 1986 Cosso
1665 1957 1741 1986 duce
1758 1967 1836 1989 com.

986 1998 1120 2036 pescuz't,
1147 1999 1230 2028 unde
1264 1998 1316 2027 illi
1342 1998 1480 2028 Getulici
1515 2009 1632 2029 nomen.
1682 2000 1735 2030 De
1771 2001 1836 2033 hoe

991 2040 1103 2079 itaque
1131 2042 1257 2072 videtur
1283 2042 1387 2081 potius
1412 2042 1504 2080 loqui
1528 2042 1723 2083 Juvenali33
1747 2044 1835 2078 addit

991 2084 1079 2113 enim
1096 2095 1195 2124 mox;
1222 2084 1313 2114 Salve
1330 2085 1479 2116 Getulice.

1032 2127 1169 2166 Drusus]
1205 2127 1298 2158 Idem
1314 2128 1427 2158 Florus
1453 2129 1551 2159 citato
1576 2139 1657 2160 mox
1681 2130 1766 2167 loco,
1790 2132 1835 2162 ait

989 2170 1179 2210 Augustum
1195 2171 1275 2202 feras
1287 2171 1442 2211 quasdam
1459 2179 1572 2210 gentes
1589 2183 1644 2212 per
1655 2172 1832 2205 Claudium

990 2214 1138 2244 Drusum
1173 2215 1360 2255 privignum
1397 2224 1496 2244 suum
1533 2215 1733 2255 perpacAsse,
1773 2218 1832 2247 ἃς.

988 2256 1037 2286 At
1052 2257 1307 2288 Sueton.Tiber.
1330 2268 1401 2297 cap.
1418 2259 1450 2287 3.
1473 2260 1574 2299 magis
1596 2259 1634 2288 ad
1662 2264 1732 2289 ren]¹
1745 2258 1833 2299 facit,

991 2300 1047 2330 ubi
1071 2301 1127 2339 ait,
1153 2302 1301 2332 Drusum
1328 2302 1412 2331 duce
1437 2302 1579 2331 hostium
1597 2302 1706 2332 Druso
1733 2305 1835 2334 comi-

991 2344 1050 2372 nus
1066 2345 1225 2375 trucidato
1252 2345 1311 2374 sibi
1339 2345 1541 2383 posterisque
1567 2345 1631 2374 suis
1648 2354 1833 2384 cognomen

990 2387 1169 2418 invenisse:
1193 2388 1285 2425 item,
1310 2397 1353 2417 ex
1369 2387 1474 2417 Gallia
1498 2388 1662 2418 Provincia
1689 2389 1834 2420 retulisse

989 2439 1106 2460 aurum
1125 2431 1308 2461 Senonibus
1325 2431 1402 2461 olim
1431 2431 1464 2460 in
1495 2430 1660 2460 obsidione
1677 2430 1833 2470 Capitolii

989 2473 1114 2504 datum.
1159 2474 1230 2504 Nisi
1256 2474 1335 2504 forte
1363 2474 1467 2512 placet
1494 2474 1671 2513 intelligere
1698 2475 1831 2506 Julium

989 2515 1136 2547 Drusum
1166 2518 1351 2547 Tribunum
1382 2516 1497 2553 Plebis,
1524 2517 1620 2554 cujus
1647 2517 1729 2548 aedes
1755 2518 1831 2550 cum

988 2560 1171 2590 vicinorum
1187 2561 1291 2590 oculis
1311 2560 1422 2590 multis
1436 2560 1513 2589 locis
1529 2567 1689 2598 paterent,
1714 2562 1743 2590 δε
1761 2563 1832 2601 opi-

986 2602 1043 2632 fex
1059 2603 1193 2641 quidam
1221 2613 1272 2633 eas
1294 2612 1328 2632 se
1353 2603 1502 2641 quinque
1523 2603 1721 2634 talentorum
1744 2614 1831 2634 mer-

986 2646 1064 2676 cede
1086 2652 1293 2676 mutaturum
1317 2644 1506 2684 sponderet,
1531 2646 1643 2676 decem
1662 2647 1755 2684 dabo,
1781 2648 1832 2677 in-

987 2690 1059 2728 quit
1073 2689 1212 2727 Drusus,
1241 2689 1266 2718 si
1294 2693 1396 2718 totam
1425 2687 1562 2720 domum
1587 2699 1695 2720 meam
1720 2691 1831 2720 vicinis

988 2733 1135 2771 undique
1152 2733 1355 2771 perspicuam
1371 2732 1494 2770 feceris,
1518 2737 1557 2762 ut
1581 2738 1678 2763 testes
1705 2734 1767 2763 sint
1784 2734 1830 2763 illi

989 2785 1131 2814 quonam
1163 2776 1260 2805 modo
1285 2775 1407 2814 vivam,
1439 2776 1496 2804 ἃς.
1521 2785 1595 2814 quae
1624 2781 1728 2806 narrat
1757 2776 1833 2805 Plu-

989 2821 1118 2849 tarchus
1147 2818 1182 2847 in
1208 2819 1375 2858 praeceptis
1404 2818 1556 2858 politicis,
1580 2828 1647 2849 non
1670 2819 1766 2858 longe
1789 2819 1828 2849 ab

990 2862 1094 2891 initio.

1026 2906 1080 2935 22.
1103 2904 1170 2934 Hos
1180 2907 1254 2935 ante
1269 2904 1396 2945 effigies,
1412 2903 1486 2946 ᾀε]
1511 2905 1614 2935 Pluris
1629 2905 1753 2934 aestima
1768 2905 1828 2936 bo—

986 2958 1068 2978 num
1085 2957 1164 2985 esse,
1188 2949 1289 2987 quarn
1305 2949 1396 2979 bonis
1413 2948 1512 2978 fuisse
1530 2954 1738 2987 prognatum.
1762 2947 1831 2978 Vel

985 2992 1159 3021 illustrium
1172 3001 1307 3022 avorum
1319 3001 1424 3022 mores
1435 2991 1604 3021 considera
1616 2992 1716 3031 magis
1729 2992 1831 3030 quam

986 3040 1105 3066 statuas
1122 3035 1151 3064 ὅ(
1168 3035 1332 3074 imagines.

1029 3079 1084 3110 23.
1104 3077 1288 3113 Rrec-edant
1303 3078 1386 3118 ipsas
1402 3076 1468 3117 illi,
1483 3076 1551 3117 ἔξω]
1591 3077 1707 3109 Probos
1729 3087 1834 3109 mores
