1948 3281
130 74 214 117 3:34

739 68 925 111 PERSII
956 64 1171 113 SATIRA
1199 53 1257 109 v.

129 173 423 217 Ecquidintendis?
446 158 638 206 Anutnuni
650 157 764 216 Quid
794 157 927 212 petis?
964 158 1027 198 Ut
1060 154 1239 207 nummi,
1273 167 1376 210 quos
1399 153 1466 196 hic
1488 151 1723 210 quincunce
1743 166 1840 194 mo·

130 222 172 250 mi
185 230 258 259 quos
270 218 319 248 hic
336 220 457 249 alueras
474 219 640 258 quincunce
822 214 936 254 desto

130 265 294 300 moderato,
316 265 447 302 pergant
471 262 528 291 tibi
549 270 639 290 exsu-

130 307 205 335 dare
221 305 348 334 deunces
370 303 517 343 cupidos?
542 303 594 332 Da
611 307 640 331 te

130 348 304 386 voluptati.—
329 327 836 416 rapiamusjucunde.1ndUlge
847 342 993 391 gerno:

129 390 278 422 Nostrum
293 393 338 419 est
353 399 485 426 munus,
510 388 588 426 qued
597 387 639 416 vi·
652 384 778 426 Ουὸά
802 399 930 425 VNIS·

132 437 194 463 tam
221 433 314 462 ducis.
360 433 404 462 At
433 431 529 470 paulo
558 431 629 468 post

131 475 318 513 erisfavilla
334 477 357 512 ξς
372 474 486 512 umbra,
503 476 524 501 ἃ
539 482 641 501 sermo.

136 517 239 548 Vitam
264 528 334 557 age,
355 520 476 545 mortem
500 515 640 544 recorda-

133 565 203 592 tus:
228 566 341 598 tempus
352 559 458 597 effluit.
502 557 542 586 Id
556 557 634 597 quod
649 555 782 595 eloquor,
798 556 907 585 exinde
921 561 976 586 est.

651 270 877 321 Nutrieras,
900 278 1069 334 pergant
1090 269 1227 310 avidos
1248 268 1388 309 sudare
1410 268 1613 309 deunces.
1604 269 1618 296 ³

1763 266 1843 307 150

1029 341 1241 382 carpamus
1263 325 1424 376 dulcia3
1458 335 1643 365 nostrum
1666 332 1728 365 est

965 383 1086 434 cinis,
1112 384 1152 424 ὅτ,
1173 397 1329 433 maneS,
1355 382 1395 423 Sc
1416 381 1550 423 fabula
1571 382 1655 423 ἦρε.

632 442 759 483 ’Vive
780 456 938 482 mernor
959 440 1086 481 lethi:

826 498 920 539 inde
941 507 1016 540 est.

1125 439 1232 496 fugit
1253 440 1366 481 hora.
1427 440 1524 480 Hoc
1548 439 1657 495 quod
1679 439 1842 495 loquor,

180 691 253 720 149.
279 688 360 722 Quid
369 688 450 727 petis
463 688 477 716 ,9
507 687 548 718 Ut
563 687 685 724 nummi,
702 686 767 725 250]
797 686 877 719 Quis
894 688 968 717 vero

135 733 205 762 finis
222 733 280 761 tibi
296 730 495 770 propositus?
528 730 686 760 Nimirum
704 740 798 759 usura
814 731 924 768 ingens
940 732 967 759 δε

134 775 272 812 infinita,
294 775 396 813 qualis
414 774 571 803 maritima
589 782 654 802 esse
671 773 762 810 solet,
786 772 839 802 sed
863 774 969 802 labore

137 819 166 847 ἃ
182 818 323 855 periculo
340 816 470 866 perinde
485 825 603 856 magno

178 859 257 899 Hic]
282 860 403 897 Romae,
418 860 486 888 sine
502 859 619 896 labore,
634 859 700 888 sine
718 858 871 897 periculo.

182 902 371 941 Quincunce]
398 901 571 941 Quincunx,
590 902 698 931 uncias
715 903 861 962 quinque
874 902 970 941 signi-

136 945 219 976 fleat.

185 988 358 1022 Qnineunce
370 987 515 1027 modesto]
539 988 677 1017 Foenore
693 987 833 1024 modico,
849 988 971 1027 legibus

137 1031 239 1070 licito,
261 1033 289 1061 δε
310 1032 443 1061 avaritiae
469 1038 579 1061 notam
604 1030 690 1059 haud
708 1035 874 1059 metuente
892 1041 901 1069 3
925 1032 971 1060 ni-

138 1075 255 1105 mirum
273 1076 379 1113 quinis
394 1075 522 1111 annuis,
541 1082 596 1112 pro
613 1073 765 1102 centenis.
813 1073 889 1111 Leg.
903 1072 971 1103 Tu-

137 1123 197 1148 tor.
214 1118 403 1157 Paragraph.
423 1119 469 1146 lO.
495 1116 618 1155 Digest.
634 1116 660 1144 3.-
677 1115 752 1154 Leg.
774 1117 823 1145 17.
848 1115 972 1155 Digest.

139 1161 180 1190 de
197 1162 298 1190 usuris
314 1162 341 1190 8c
363 1160 530 1189 fructibus.
582 1160 630 1188 At
652 1168 720 1187 vox
741 1158 810 1196 ista,
837 1160 921 1188 sicut
946 1162 974 1190 δε

139 1213 290 1242 sequens,
322 1203 434 1240 deunx,
461 1202 610 1240 ampliori
648 1207 721 1241 eget
748 1201 971 1232 elucidatione.

139 1246 255 1285 Itaque
271 1247 408 1276 observa.
456 1245 647 1276 Gravissima
663 1243 783 1282 pridem
802 1254 895 1274 usura
910 1252 975 1275 erat

140 1289 314 1326 centesima,
323 1297 392 1327 qua
407 1298 463 1327 pro
477 1295 610 1317 centum
624 1287 766 1316 nummis
782 1289 898 1317 mutuo
921 1298 973 1318 ac-

142 1333 245 1370 ceptis
273 1331 496 1371 pendebantur
518 1330 689 1359 duodecim
715 1330 828 1365 annui,
860 1331 977 1370 singuli

142 1383 200 1414 pro
227 1374 390 1404 mensibus
420 1374 558 1413 singuli&
616 1372 703 1402 Huic
731 1373 806 1401 vero
831 1374 977 1411 proxima

143 1417 258 1454 deunx,
285 1418 357 1447 cum
375 1416 525 1446 undecim
550 1415 760 1445 reddebantur
783 1416 898 1452 pariter
921 1427 977 1455 pro

145 1460 288 1489 centenis
303 1471 309 1488 :
330 1460 373 1489 sic
391 1461 417 1488 &
434 1461 567 1488 dextana
583 1464 659 1496 erat,
675 1458 749 1488 cum
764 1457 873 1487 decem
889 1470 896 1488 z
922 1460 976 1488 do-

143 1503 253 1540 Arana,
277 1503 351 1532 curn
375 1512 512 1532 novem:
538 1500 673 1537 bessalis,
697 1501 770 1530 curn
794 1507 882 1530 octo:
910 1512 976 1541 sep-

145 1548 235 1583 tunx,
252 1545 325 1575 cum
341 1551 485 1584 septem:
511 1544 609 1581 semis,
622 1544 695 1572 cum
711 1552 786 1572 sex:
811 1544 978 1583 quincunx,

145 1588 220 1617 curn
234 1587 384 1626 quinque
398 1599 404 1616 ε
429 1587 533 1624 triens,
545 1587 617 1616 curn
629 1593 768 1623 quatuor
781 1597 787 1613 τ
812 1587 978 1626 quadrans,

148 1631 222 1659 cum
239 1636 320 1659 tres:
345 1634 482 1667 sextans,
497 1630 571 1659 cum
595 1628 676 1657 duo:
708 1628 848 1666 denique
874 1631 979 1659 uncia-

145 1673 195 1702 ria
211 1682 304 1702 usura
319 1673 501 1709 vocabatur,
525 1671 590 1710 qua
606 1681 661 1709 pro
677 1672 820 1701 nummis
845 1677 978 1703 centum

149 1725 234 1745 unus
249 1715 419 1745 dumtaxat
436 1716 467 1744 in
483 1716 590 1744 foenus
604 1714 784 1743 solvebatur
794 1715 978 1752 quotannis.

147 1757 191 1788 Et
207 1758 275 1787 haec
301 1759 370 1797 lege
390 1757 591 1788 decemvirali
614 1756 814 1795 potissimum
837 1758 979 1796 probata,

148 1807 187 1830 ut
204 1806 336 1830 testatur
350 1800 476 1831 Cornel.
493 1800 595 1829 Tacit.
613 1799 733 1828 Annal.
749 1799 803 1829 lib.
822 1801 854 1829 5.
896 1799 977 1834 Quae

147 1847 257 1873 tamen
272 1844 312 1874 ob
335 1843 565 1873 foeneratorum
589 1842 714 1872 fraudes
731 1842 802 1881 post
818 1843 979 1883 abrogata,

149 1887 179 1915 ὅ(
205 1887 244 1916 ad
269 1887 524 1917 semiunciariam
547 1884 670 1915 radacta
690 1890 744 1915 est.
793 1885 879 1915 Vide
901 1886 981 1917 infra

138 1938 229 1959 -mox
244 1930 281 1959 ad
298 1940 421 1967 vocem,
439 1930 574 1958 deunces.

194 1974 267 2002 150.
289 1972 468 2011 Nutrieras]
493 1972 627 2002 Foenore
649 1980 798 2009 auxeras,
823 1970 981 2011 multipli-

148 2013 244 2045 catas.
267 2015 377 2044 Horat.
397 2016 450 2045 lib.
470 2017 497 2045 1.
515 2015 615 2053 Epist.
637 2014 686 2043 18.
699 2024 826 2053 pascere
841 2024 981 2044 mummos

150 2058 260 2087 eodem
275 2068 370 2087 sensu
385 2059 516 2087 dixerat.

192 2100 345 2140 Pergam]
368 2101 435 2130 Alii
448 2100 571 2130 codices
587 2100 895 2141 habent,peragant.

192 2143 306 2172 Avidus
333 2144 441 2172 sudare
464 2141 606 2184 deunces]
644 2143 791 2173 Nimium
817 2143 923 2173 foenus
952 2145 980 2174 δι’

150 2186 360 2216 immodicum
384 2186 508 2224 afferre,
531 2187 645 2215 sudore
663 2187 689 2215 ἃ
707 2186 854 2215 molestia
869 2187 983 2225 pariter

151 2229 286 2266 ingenti,
302 2229 342 2258 ob
360 2229 567 2268 navigationis
582 2228 674 2258 taedia
688 2229 716 2257 δι’
733 2229 885 2266 pericula.

193 2270 322 2312 Arados]
346 2271 565 2311 Cupiditatem
579 2271 661 2303 lucri
682 2271 815 2301 nimiam
832 2273 864 2301 in
881 2271 979 2303 foene-

151 2323 250 2344 satore
263 2315 373 2354 arguit.

193 2357 348 2396 Deunces]
363 2357 476 2387 Deum:
491 2358 618 2397 pondus
631 2361 678 2387 est
688 2367 744 2387 seu
756 2367 907 2388 mensura
920 2368 980 2389 un-

148 2400 251 2430 decim
280 2402 459 2438 unciarum,
490 2401 581 2439 quasi
604 2400 669 2430 una
691 2400 820 2439 dempta
846 2407 933 2439 parte
964 2403 982 2432 ὲ

149 2442 228 2472 libra
250 2452 305 2472 seu
322 2453 399 2482 asse,
424 2444 482 2483 qui
496 2444 668 2473 duodecim
690 2444 800 2473 uncias
821 2444 976 2475 continet.

149 2483 261 2514 Deunx
277 2493 386 2516 autern
404 2496 499 2516 usura
515 2486 669 2526 significat
692 2485 857 2516 undenam
870 2496 978 2517 annu-

150 2536 202 2556 am
216 2538 272 2565 pro
284 2530 442 2568 centeni53
467 2539 524 2559 seu
537 2529 602 2567 qua
617 2539 674 2568 pro
689 2535 821 2558 centurn
837 2531 980 2561 nummis

150 2579 259 2599 annuo
289 2571 422 2608 foenore,
453 2572 601 2602 undecim
633 2572 763 2601 nummi
786 2572 914 2611 dantur,
945 2579 981 2603 ut

148 2612 217 2640 dixi
234 2615 331 2650 paulo
346 2615 429 2644 anre.
479 2615 551 2645 Hoc
576 2615 651 2644 vero
678 2613 752 2644 sane
779 2614 980 2646 referendum

149 2654 274 2683 videtur
290 2657 326 2685 ad
342 2667 450 2686 usuras
466 2658 652 2694 maritimas,
676 2657 793 2696 quibus
816 2658 871 2687 lex
891 2658 982 2688 nulla

136 2697 283 2729 -moduin
311 2701 413 2736 ponit,
438 2701 503 2729 imo
526 2710 598 2739 quae
623 2700 717 2738 culpa
741 2706 850 2730 carent
879 2710 981 2739 quan-

149 2740 269 2769 tumvis
293 2750 428 2780 magnae,
450 2743 570 2772 scilicet
591 2744 632 2773 ob
656 2743 796 2782 pericula
821 2744 926 2782 maris,
951 2746 980 2774 <Sc

146 2792 314 2812 aerumnas.

192 2827 262 2855 151.
288 2825 423 2865 Indulge
434 2827 540 2866 genio]
564 2828 646 2857 Vide
660 2829 723 2858 Sat.
740 2829 773 2858 2.
790 2838 819 2858 v.
835 2830 867 2859 3.

190 2868 359 2906 Carpamus
375 2870 489 2907 o'ulria]
506 2869 679 2909 Fugientes
702 2881 779 2901 cum
804 2872 866 2901 vita
882 2872 911 2901 &
924 2882 978 2902 an-

145 2911 194 2941 nis
220 2911 319 2949 arripe
343 2911 535 2950 voluptates.
580 2913 693 2944 Horat.
709 2914 764 2943 lib.
785 2916 814 2944 1.
839 2914 910 2944 Ode
928 2917 978 2946 11.

142 2964 232 2991 carpe
250 2955 336 2983 diem.
360 2953 490 2993 Epicuri
503 2955 591 2992 apud
607 2955 816 2986 Lactantium
831 2968 837 2985 z
868 2957 978 2996 Volup-

142 2997 268 3034 tatibus,
285 2997 452 3035 inquiunt,
467 3007 582 3035 quoquo
598 2999 682 3026 modo
692 3009 860 3037 possumus,
883 3001 978 3029 serri-

137 3047 233 3069 amus.
278 3038 372 3070 Brevi
392 3040 471 3070 enim
488 3043 619 3079 tempore
631 3039 709 3070 nulli
724 3042 833 3072 erimus
845 3043 973 3073 omnine.

1012 688 1098 725 Ενσο
1125 691 1237 718 nullum
1268 688 1357 725 diem,
1381 688 1496 717 nullum
1533 687 1673 726 temporis
1698 691 1846 725 punctum

1004 732 1104 766 fluere
1120 733 1202 761 nobis
1215 733 1278 761 sine
1299 733 1451 769 voluptate
1466 731 1634 769 patiamur,
1653 739 1688 759 ne
1703 730 1773 768 quia
1788 729 1849 769 ipsi

1012 774 1326 814 quandoqueperilun'
1342 783 1453 812 sumus,
1477 774 1509 802 id
1528 774 1623 812 ipsum
1645 773 1724 812 quod
1736 772 1846 802 vzxeri-

1012 827 1060 846 mu
1064 828 1089 855 s,
1102 822 1221 856 pereat.

1054 861 1200 890 nom-um
1221 864 1264 889 est
1290 861 1369 898 quiid
1383 859 1472 897 nivis]
1509 857 1571 892 Βίος
1592 856 1645 891 Ele
1665 856 1848 898 δεόμενος,ἐι

1014 900 1060 936 {eri
1083 901 1157 941 Βίας,
1180 903 1289 941 inquit
1313 903 1516 933 Proverbium
1545 903 1707 931 Graecum.
1753 901 1847 931 Unde

1014 947 1146 976 luxuria
1158 947 1201 975 ait
1214 946 1272 975 sibi
1283 953 1445 985 acceptam
1458 946 1563 975 referri
1577 951 1720 983 oportere
1733 945 1846 974 Damae

1016 990 1115 1019 vitam
1134 989 1280 1026 hilarem,
1299 989 1491 1026 jucundam,
1517 989 1674 1027 quietam,
1696 988 1847 1026 voluptu-

1016 1042 1118 1070 osam,
1143 1032 1182 1060 eo
1198 1031 1285 1070 quod
1301 1033 1370 1062 sine
1383 1032 1502 1070 gaudiis
1517 1041 1553 1061 ac
1569 1032 1788 1069 voluptatibus
1802 1031 1847 1060 vi-

1020 1085 1104 1112 vere,
1122 1084 1188 1105 non
1204 1076 1243 1105 sit
1256 1075 1372 1105 vivere.

1064 1119 1135 1148 152.
1161 1117 1259 1155 Ciuis,
1287 1119 1309 1154 {5
1337 1127 1448 1155 manes,
1476 1117 1628 1155 &fabula
1645 1116 1719 1155 fies]
1748 1116 1848 1147 Ante-

1020 1171 1119 1199 quam
1149 1161 1286 1190 moriaris
1313 1160 1417 1191 fruere
1445 1161 1507 1190 vita
1534 1161 1674 1198 vitaeque
1704 1159 1823 1189 deliciis
1840 1172 1850 1201 3

1020 1214 1094 1233 nam
1109 1204 1195 1234 brevi
1210 1203 1249 1232 de
1265 1209 1297 1232 te
1312 1210 1421 1233 actum
1439 1204 1505 1233 erit.
1553 1203 1630 1232 Haec
1649 1202 1686 1231 ad
1703 1209 1849 1234 mentem

1023 1247 1264 1285 Epicureorum,
1291 1247 1434 1284 quicum
1451 1255 1580 1285 corpore
1597 1247 1625 1275 ὅ(
1642 1246 1783 1275 animam
1799 1247 1848 1276 in·

1018 1290 1111 1319 terirc
1128 1294 1242 1328 putant
1257 1300 1266 1325 ς
1291 1296 1327 1319 ut
1340 1299 1419 1319 mox
1431 1289 1500 1319 dixi
1514 1301 1520 1318 :
1547 1288 1634 1328 quod
1647 1289 1720 1318 satis
1732 1298 1848 1319 conve·

1019 1333 1068 1362 nit
1090 1333 1235 1371 loquenti
1259 1333 1415 1362 luxuriae:
1447 1342 1489 1362 an
1514 1332 1586 1361 vero
1609 1331 1714 1370 potius
1736 1340 1848 1362 secun-

1019 1375 1096 1405 dum
1125 1377 1249 1404 Stoicos
1273 1375 1290 1404 ὲ
1313 1384 1452 1414 quorum
1477 1375 1599 1414 gremio
1617 1373 1757 1403 Persius?
1780 1374 1848 1405 Cic.

1018 1417 1298 1449 Tuscu1.·Quaest.
1324 1421 1338 1447 1
1377 1427 1467 1447 num.
1496 1419 1546 1448 77.
1590 1416 1699 1454 Stoici,
1727 1417 1850 1456 inquit,

1020 1470 1140 1490 usuram
1154 1460 1235 1489 nobis
1245 1460 1418 1500 largiuntur
1430 1464 1573 1498 lanqmrm
1587 1459 1752 1489 cornicibus
1763 1470 1772 1487 :
1797 1460 1851 1499 dira

1021 1513 1174 1532 mansuros
1198 1503 1285 1532 aiunt
1311 1503 1434 1539 animos,
1461 1513 1573 1541 semper
1597 1506 1698 1531 autem
1724 1507 1851 1542 negant.

1022 1545 1065 1576 Et
1080 1547 1178 1585 paulo
1200 1547 1284 1584 post,
1301 1556 1371 1584 cap.
1387 1546 1437 1576 78.
1454 1545 1542 1574 aiunt
1557 1554 1676 1574 manere
1687 1545 1811 1583 animos,
1835 1546 1851 1575 ἐ

1022 1599 1139 1627 corpore
1161 1589 1226 1618 crim
1249 1588 1441 1626 excesserint,
1462 1589 1516 1618 sed
1538 1598 1596 1617 non
1615 1598 1738 1626 semper.
1784 1588 1851 1619 Erit

1021 1632 1119 1671 igitur
1133 1641 1255 1669 sensuS,
1268 1631 1328 1669 fies
1343 1631 1431 1669 cinis,
1446 1631 1598 1661 nimirum
1615 1641 1656 1661 ex
1680 1640 1769 1661 more
1784 1641 1851 1660 cre-

1022 1680 1108 1704 mato
1124 1684 1254 1714 corpore
1271 1681 1338 1712 tuo,
1357 1681 1428 1714 post
1443 1680 1593 1712 mortem,
1614 1673 1643 1703 &
1661 1674 1693 1703 in
1709 1673 1850 1705 favillam

1023 1717 1199 1757 perignem
1215 1717 1359 1747 redacto:
1384 1717 1500 1747 deinde
1524 1716 1580 1746 eris
1602 1727 1715 1755 manes,
1743 1717 1773 1746 id
1791 1720 1851 1755 est,

1022 1761 1130 1790 anima
1152 1765 1209 1790 tua
1225 1770 1281 1799 per
1295 1761 1426 1799 aliquod
1440 1767 1571 1798 tempus
1586 1760 1728 1790 manebit
1747 1761 1776 1789 &
1791 1760 1851 1789 du-

1023 1804 1101 1833 rabit
1113 1804 1198 1841 apud
1213 1803 1338 1833 inferos.
1383 1799 1495 1833 pbstea
1509 1803 1582 1832 vero
1598 1802 1794 1840 fiesfabula,
1820 1804 1851 1833 id

1023 1852 1081 1883 est,
1099 1847 1211 1875 redibis
1234 1847 1266 1875 in
1280 1846 1365 1885 prius
1382 1846 1521 1876 nihilum
1536 1857 1542 1873 ε
1568 1846 1635 1875 haec
1651 1847 1736 1875 enim
1752 1852 1850 1874 catas-

1024 1889 1140 1927 trophe
1168 1895 1215 1918 est
1237 1889 1309 1919 vitae
1334 1890 1362 1918 δε
1379 1887 1573 1919 conditionis
1588 1888 1753 1925 humanae,
1778 1897 1850 1926 qua:

1023 1931 1137 1961 fabulae
1155 1932 1187 1961 in
1201 1932 1324 1961 mundo
1339 1932 1428 1961 velut
1444 1933 1478 1962 in
1493 1932 1616 1961 theatro
1631 1932 1660 1960 Sc
1681 1929 1775 1961 scena
1797 1940 1852 1970 pe-

1023 1981 1114 2004 raeta:
1131 1975 1306 2013 comparari
1318 1975 1407 2005 solet.

1065 2017 1193 2056 DIanes]
1217 2017 1275 2047 Pro
1290 2017 1366 2046 locis
1383 2016 1581 2047 inferioribus
1603 2015 1717 2046 ,Manes
1738 2016 1854 2055 accipit

1024 2059 1168 2090 Macrob·
1184 2060 1240 2089 lib.
1255 2060 1458 2090 Saturnal.1.
1471 2069 1539 2098 cap.
1555 2059 1585 2089 3.
1602 2058 1714 2098 Virgil.
1726 2058 1853 2090 AEneid.

1025 2102 1055 2132 6.
1082 2112 1137 2142 pro
1162 2103 1278 2142 pomis,
1300 2112 1373 2141 quae
1396 2108 1473 2132 sunt
1493 2102 1578 2140 apud
1602 2101 1729 2132 inferos.
1774 2102 1855 2140 Alii,

1025 2155 1082 2184 pro
1107 2145 1176 2175 Diis
1199 2146 1325 2175 tantum
1347 2146 1459 2184 bonis3
1482 2155 1558 2175 narn
1573 2144 1672 2174 Varro
1686 2145 1783 2174 lib.5.
1798 2146 1854 2175 bo-

1024 2197 1105 2218 nurn
1122 2189 1259 2227 antiquis
1276 2198 1410 2218 manum
1426 2188 1529 2218 vocari
1543 2188 1608 2225 ait3
1633 2188 1708 2216 hinc
1722 2197 1777 2226 per
1797 2197 1854 2218 an-

1025 2231 1189 2269 tiphrasim
1207 2232 1296 2269 quasi
1320 2230 1454 2261 minime
1466 2230 1558 2268 boni,
1582 2229 1624 2270 (si
1641 2230 1749 2260 Servio
1761 2230 1855 2270 fides)

1025 2273 1081 2304 Dii
1098 2274 1191 2304 inferi
1206 2274 1317 2303 Manes
1331 2275 1543 2313 appellantur.
1590 2273 1682 2302 Porro
1704 2273 1854 2303 animum

1023 2315 1041 2345 ὲ
1071 2326 1201 2356 corpore
1224 2324 1404 2355 separatum
1428 2317 1567 2355 Antiqui
1588 2315 1715 2345 Illanem
1743 2315 1854 2345 Deum

1024 2360 1191 2390 vocabant.
1236 2360 1302 2389 Hic
1317 2361 1455 2390 sumitur
1472 2369 1526 2399 pro
1541 2359 1649 2387 anima
1663 2367 1792 2397 corpore
1803 2367 1856 2388 so-

1023 2402 1103 2432 luta.
1146 2402 1258 2432 Horat.
1275 2402 1330 2431 lib
1346 2405 1374 2431 1.
1389 2403 1451 2433 Od.
1463 2405 1492 2432 4.

1071 2444 1146 2474 Vitoe
1172 2454 1286 2474 summa
1316 2445 1412 2475 brevis
1434 2454 1516 2484 spem
1537 2453 1591 2473 nos
1611 2447 1695 2473 vetat
1714 2442 1855 2500 inchoare

1149 2489 1281 2527 longam,

1066 2531 1138 2561 Jum
1155 2534 1183 2560 te
1193 2534 1309 2570 premet
1324 2540 1395 2569 nox,
1401 2529 1582 2569 fabuloeque
1596 2539 1707 2559 manes.

1023 2573 1109 2604 Vide
1124 2573 1205 2604 infra
1221 2584 1249 2604 v.
1272 2574 1344 2603 185.
1362 2574 1399 2604 ad
1416 2583 1540 2610 vocem,
1554 2572 1709 2602 Lemures.

1068 2617 1184 2647 Fabula
1205 2616 1280 2655 fles]
1325 2617 1574 2656 Interpretantur
1610 2616 1707 2653 vulgo
1744 2615 1853 2645 locum

1023 2659 1125 2697 hunc,
1141 2660 1224 2689 sicut
1241 2660 1269 2688 Sc
1294 2659 1404 2689 Horat.
1427 2668 1506 2688 mox
1529 2658 1580 2687 cit.
1605 2658 1645 2688 de
1669 2657 1792 2698 Inferis,
1814 2658 1854 2687 de

1024 2702 1142 2741 quibus
1159 2703 1187 2732 ὃς
1205 2701 1306 2731 Poeta
1325 2706 1352 2731 &-
1372 2701 1555 2739 Philosophi
1571 2707 1619 2731 tot
1636 2702 1663 2730 &
1681 2705 1770 2730 tanta
1784 2709 1854 2729 nar-

1025 2750 1095 2774 rant
1108 2745 1136 2773 &
1151 2744 1344 2775 fabulantur.
1392 2745 1502 2782 Atque
1515 2744 1559 2773 ita
1574 2744 1645 2773 duae
1665 2752 1768 2781 voces,
1791 2752 1856 2771 ma-

1023 2787 1218 2825 nes‚fabulc1,
1235 2787 1319 2816 idem
1333 2786 1519 2827 significant.
1564 2787 1672 2816 Potest
1693 2786 1787 2815 etiam
1811 2785 1856 2817 ita

1024 2830 1170 2869 intelligi,
1185 2829 1301 2867 fabula
1315 2830 1388 2868 fies,
1412 2829 1441 2858 id
1466 2835 1525 2866 est,
1549 2830 1613 2859 sola
1628 2829 1677 2858 tui
1701 2828 1857 2859 memoria

1025 2873 1164 2908 restabit,
1183 2874 1209 2901 Sc
1225 2882 1330 2902 sermo
1346 2874 1386 2901 de
1400 2877 1432 2901 te
1447 2871 1549 2905 forsan
1565 2870 1738 2901 faciendus.
1773 2869 1857 2898 Vide

1023 2916 1119 2954 supra
1143 2916 1267 2945 tertiam
1284 2916 1392 2953 hujus,
1408 2915 1468 2944 loci
1485 2913 1794 2953 interpretationem,
1815 2911 1856 2943 ad

1024 2957 1110 2987 hanc
1127 2967 1253 2995 vocem,
1269 2958 1353 2987 cinis.

1063 3002 1142 3036 1.5:3
1170 3001 1242 3030 Vive
1258 3010 1365 3029 memor
1380 2999 1468 3038 lethi]
1491 3000 1604 3030 Horat.
1620 3000 1675 3029 lib.
1689 2999 1721 3030 2
1736 3000 1799 3030 sat.
1813 2995 1845 3027 ὃ.

1117 3042 1189 3073 Vive
1204 3052 1314 3072 memor
1328 3043 1419 3081 qudm
1432 3042 1474 3073 sis
1488 3052 1530 3072 (ει
1533 3043 1544 3071 i
1559 3042 1667 3072 brevis.
