1948 3281
631 92 969 138 JUVENALIS
1009 92 1228 137 SATIRA
1257 94 1294 136 1.

119 188 265 244 Nuper
287 186 329 228 in
352 186 456 227 hanc
479 183 619 225 urbem
644 184 812 240 pedibus
835 185 905 241 qui
929 195 1089 227 venerat
1110 185 1227 227 albis.

121 242 468 304 Quandoquidem
491 241 595 282 inter
617 256 693 283 nos
716 242 972 284 sanctissima
992 242 1223 285 divitiarum

119 302 316 358 Majestas
334 316 345 342 t
377 299 451 341 etsi
473 298 635 340 funesta
657 300 832 341 Pecunia
854 300 1007 356 templo

1782 99 1832 141 13

1322 189 1375 226 qui
1391 187 1519 226 pedibus
1534 189 1604 218 albo
1622 191 1737 220 notatis
1751 190 1834 220 haud

1321 231 1367 260 ita
1379 231 1497 270 pridem
1513 237 1678 262 accesserat
1696 233 1726 261 in
1743 234 1834 262 istam

1321 274 1477 304 civitatem
1489 287 1498 303 .·
1516 276 1656 313 quoniam
1670 286 1754 312 opum
1767 277 1835 314 ‹lig-

1322 317 1404 346 nitas
1421 323 1467 347 est
1482 319 1566 357 apud
1586 328 1637 347 nos
1661 314 1833 348 sacratissi-

119 359 324 402 Nondum
348 356 520 408 habitas,
538 356 670 397 nullas
687 371 955 398 nummorum
980 355 1181 399 ereximus
1203 373 1304 405 araS,
1321 370 1369 389 ⁷⁷12
1383 372 1391 388 -·
1422 370 1604 400 quanquam,
1620 362 1639 390 ὃ
1663 361 1834 398 perniciosa

48 422 63 425 ⁶
119 415 184 459 Ut
206 416 353 458 colitur
376 414 473 465 Pax,
494 423 615 470 atque
636 412 772 465 Fides,
793 414 992 466 Victoria,
1015 415 1175 467 Virtus,
1229 417 1302 456 115

119 475 311 533 Quaeque
333 471 505 513 salutato
529 471 695 526 crepitat
719 472 953 514 Concordia
974 472 1088 514 nido.

178 532 257 573 Sed
281 543 378 571 cum
401 543 589 570 summus
613 530 746 570 honor
768 530 882 570 finito
906 539 1118 586 computet
1140 545 1264 583 anno,

120 587 312 644 Sportula
332 586 430 642 quid
455 587 610 639 referat,
635 597 837 642 quantum
860 587 1082 629 rationibus
1105 589 1223 629 addat
1243 606 1252 630 :

1320 402 1470 441 Pecunia,
1484 413 1542 434 non
1559 413 1662 432 manes
1676 402 1776 433 adhuc
1802 404 1834 433 in

1320 447 1382 476 cede
1398 446 1494 485 sacra,
1519 450 1541 485 «ξς
1567 447 1694 475 nummis
1718 446 1836 475 altaria

1320 488 1407 519 nulla
1423 490 1625 526 extruximus,
1639 491 1719 518 sicut
1744 488 1834 518 hono-

1319 538 1407 562 ratur
1435 531 1518 571 Pax,
1544 535 1566 570 ᾀ
1598 532 1702 570 Fides,
1733 531 1837 561 Victo-

1320 576 1380 615 ria,
1399 574 1513 613 Virtus,
1530 578 1552 613 ‹3-
1570 576 1753 613 eoncordia,
1770 585 1837 613 quae

1319 619 1427 656 strepit
1442 620 1536 648 reviso
1548 620 1628 648 nido.
1678 618 1721 648 At
1736 628 1836 657 quan-

120 645 232 703 Quid
256 645 406 686 facient
420 644 606 694 comites,
622 643 772 699 quibus
788 645 885 685 hinc
901 655 1011 701 toga,
1031 645 1188 686 calceus
1207 646 1304 687 hinc
1321 662 1479 700 (mquidem
1520 672 1657 700 suprema
1697 661 1838 701 dignitas

120 705 176 745 Et
193 702 324 758 panis,
342 701 564 758 fumusque
576 701 691 742 domi
712 703 724 741 ?
754 701 994 743 densissima
1010 712 1176 744 centum
1211 705 1304 758 [est,
1320 714 1400 734 auno
1415 705 1572 734 defluente
1600 708 1736 733 numerat
1763 704 1838 742 quid

1318 752 1423 786 sporta
1436 748 1562 785 afferat,
1581 750 1602 785 ὃς
1617 751 1765 787 quantum
1779 748 1834 776 ad-

109 789 231 828 jungat
248 788 363 827 opibus,
388 787 496 825 ecquid
509 791 604 827 agent
616 788 750 825 asseclae,
762 788 814 825 qui
827 788 898 817 inde
913 789 1058 826 tunicam,
1080 789 1151 818 inde
1175 789 1383 820 calceamenta
1412 790 1521 820 hahent
1534 803 1543 819 :
1569 794 1591 830 ‹3-
1604 800 1727 829 panem,
1743 795 1837 829 atque

120 833 220 872 ignem
235 832 265 860 in
280 832 364 861 domo
377 830 391 859 ,⁷
424 829 548 859 Lectica
564 831 742 868 spississima
754 831 853 869 poscit
870 832 1057 869 quadrantes
1071 836 1190 861 centum
1201 843 1216 868 ;

164 941 295 971 Divitiis
304 944 418 980 parent
429 951 439 968 :
463 949 539 978 quas
553 941 606 978 qui
621 939 839 976 construxerit,
856 938 911 969 ille

165 983 279 1016 Clarus
301 984 374 1022 erit,
392 982 506 1022 fortis,
525 983 644 1021 justus,
665 983 787 1021 sapiens
809 983 914 1020 etiam,
933 985 954 1020 ξς

206 1027 275 1058 Rea·
290 1040 299 1056 :

165 1070 210 1100 Et
225 1071 371 1110 quicquid
386 1069 479 1100 colet.

123 1113 171 1143 Et
182 1114 295 1144 eodem
314 1115 368 1144 lib.
393 1114 458 1143 Sat.
476 1115 505 1142 5.

162 1157 208 1186 Et
215 1167 325 1197 genus,
337 1160 359 1195 (3-
371 1157 482 1194 virtus,
495 1155 555 1185 nisi
566 1164 632 1184 cum
646 1165 689 1192 re,
704 1154 795 1185 vilior
806 1155 881 1196 alga
893 1159 950 1186 est.

163 1200 257 1229 Sacro
274 1199 404 1239 honori]
427 1199 602 1235 P1·aetori.e,
614 1199 663 1228 vel
677 1198 870 1228 Tribuniciue
885 1199 953 1228 Ma-

121 1244 236 1281 iestati,
252 1253 350 1282 quam
366 1241 482 1273 violare
498 1247 544 1271 est
560 1242 661 1276 nefas,
685 1242 713 1270 ὃς
738 1243 793 1279 qui
811 1242 952 1280 lesisset,

122 1288 191 1323 ejus
202 1293 301 1326 caput
315 1286 390 1317 Jovi
406 1295 528 1315 sacrum
545 1285 612 1322 erit,
637 1285 663 1313 &
682 1284 801 1314 familia
817 1295 955 1315 venum-

122 1329 237 1369 datur;
261 1339 303 1359 ex
319 1330 398 1369 lege.

170 1375 203 1402 11
215 1375 241 1403 1.
266 1373 376 1411 Nuper
386 1373 419 1401 in
432 1370 511 1401 hanc
523 1371 635 1408 urbem,
648 1370 714 1410 esc]
738 1371 954 1410 Mancipium,

121 1424 238 1446 servus.
273 1416 355 1446 Plin.
371 1415 428 1445 lib.
445 1415 498 1446 35.
527 1425 596 1454 cap.
615 1417 663 1445 17.
709 1413 892 1446 Vilissimum
909 1420 954 1444 est

120 1463 211 1488 cretae
221 1468 335 1499 genus,
355 1459 474 1497 inquit,
499 1458 561 1498 qud
582 1458 677 1497 pedes
698 1456 851 1487 venalium
869 1462 956 1487 trans

120 1511 204 1531 mare
218 1503 412 1531 advectorum
428 1501 573 1531 denotare
585 1500 728 1539 Majores
743 1499 954 1531 instituerant.

123 1543 274 1576 Tibullus
291 1545 362 1575 Lib.
377 1545 407 1574 2.
436 1545 524 1585 Eleg.
543 1546 575 1574 8.

162 1586 308 1628 Regnum
323 1588 386 1627 ipse
402 1591 484 1618 tenet
499 1598 585 1628 quem
600 1588 678 1627 saepe
694 1588 792 1629 co‘e‘git

206 1631 347 1660 Barbara
360 1631 606 1671 gypsatosferre
621 1635 744 1661 catasta
753 1632 858 1670 pedes.

165 1672 300 1704 Pedibus
314 1673 420 1712 albis]
446 1675 538 1706 Creta
553 1675 603 1704 vel
621 1684 719 1714 gypso
734 1676 850 1706 notatis
866 1675 955 1713 pedi-

123 1718 182 1747 bus
197 1717 363 1760 mangonis
373 1726 430 1746 seu
440 1717 510 1746 heri
521 1717 626 1757 signo,
637 1718 687 1747 vel
699 1719 801 1756 sigillo
814 1718 956 1756 Reipub-

122 1760 205 1796 licae,
217 1760 242 1788 si
254 1759 380 1798 publica
395 1766 499 1789 essent
513 1760 687 1798 mancipia.
732 1762 782 1791 Sic
798 1762 887 1790 enim
900 1771 952 1790 ve-

123 1812 206 1833 num
220 1802 467 1840 exponebantur
491 1803 524 1831 in
544 1807 672 1833 catasta.
717 1803 805 1833 Vide
821 1813 892 1842 quae
909 1804 953 1832 di-

124 1854 234 1875 cemus
248 1845 286 1874 ad
304 1845 384 1875 Pers.
404 1845 468 1873 Sat.
482 1844 512 1875 6.
529 1855 559 1875 v.
579 1845 630 1875 78.
644 1845 682 1874 ad
697 1856 807 1876 vocem
819 1850 955 1875 catasta.

169 1889 239 1918 112.
268 1887 518 1926 Quandoquidem
534 1888 615 1916 inter
629 1898 695 1926 nos,
710 1889 775 1926 ⁸31²]
809 1891 955 1928 Sequen-

123 1938 170 1962 tes
187 1940 290 1961 versus
305 1932 451 1969 quinque
468 1931 636 1960 nonnullis
661 1932 798 1969 suspecti
822 1936 899 1962 sunt
923 1932 951 1960 ὃ(

123 1975 293 2005 adulterini
305 1973 469 2011 videntur,
483 1973 537 2002 sed
554 1983 621 2012 quo
632 1974 728 2011 jure?

169 2018 242 2048 113.
266 2016 399 2047 Funesta
411 2016 571 2054 pecunia]
596 2017 737 2047 Socrates
751 2017 854 2047 aiebat
877 2027 954 2057 opes

125 2062 155 2090 δε
178 2060 376 2090 nobilitatem
402 2069 466 2088 non
493 2059 596 2089 solum
624 2060 707 2089 nihil
731 2061 764 2089 in
786 2070 819 2089 se
835 2060 953 2091 habere

125 2103 311 2140 honestatis,
333 2102 388 2132 scd
413 2102 442 2131 &
468 2111 564 2131 omne
591 2102 715 2133 malum
741 2104 780 2132 ab
808 2104 842 2133 iis
870 2105 950 2134 oriri.

125 2145 267 2185 Diogen.
283 2145 387 2175 Laert.

166 2188 192 2217 E
194 2189 234 2217 tsi
238 2187 372 2225 funesta
388 2187 525 2216 Pecunia
539 2189 650 2227 templo
666 2189 795 2219 nondum
810 2189 957 2228 habitas]

125 2231 196 2261 Etsi
208 2232 346 2270 pecunia
362 2241 421 2261 nec
436 2239 503 2260 aras
519 2240 578 2260 nec
593 2233 693 2261 aedem
718 2233 833 2263 habuit
849 2235 956 2264 hacte-

126 2282 200 2312 nus,
217 2274 249 2304 in
263 2275 379 2312 quibus
394 2274 480 2312 apud
494 2282 551 2303 nos
569 2280 603 2303 ut
620 2274 753 2305 Numen
768 2277 910 2315 colatur3
928 2279 958 2307 ei

125 2323 235 2346 tamen
250 2316 406 2346 obediunt
428 2316 549 2354 omnia,
572 2326 644 2347 eam
668 2328 780 2348 omnes
805 2330 955 2350 veneran-

124 2365 189 2397 tur,
206 2361 340 2399 ejusque
364 2369 484 2389 nomen
500 2365 546 2389 est
563 2360 647 2397 apud
662 2361 810 2391 homines
827 2364 954 2393 sanctis-

124 2403 254 2434 simum.
298 2402 385 2432 Vide
400 2403 480 2433 Coel.
508 2402 644 2442 Rhodig.
667 2404 720 2433 lib.
738 2406 793 2442 20,
809 2405 860 2435 21.
885 2416 954 2446 cap.

125 2445 177 2474 34.
195 2446 222 2475 Sc
237 2445 384 2476 Turneb.
398 2447 454 2484 qui
470 2445 523 2475 lib.
540 2448 589 2475 11.
615 2456 685 2485 cap.
701 2448 754 2476 ΩΟ.
779 2448 957 2480 Pecuniam

124 2488 209 2518 inter
230 2488 318 2519 Deas
343 2488 475 2519 relatam
500 2489 681 2528 contendit,
711 2491 889 2530 probatque
912 2502 954 2522 ex

124 2531 265 2562 Arnobio
287 2531 343 2562 lib.
361 2532 393 2561 4.
414 2531 562 2561 adversus
584 2531 718 2571 Gentes,
743 2534 798 2563 ubi
825 2535 953 2565 scribit:

126 2572 202 2607 Quis
225 2574 325 2604 Deam
339 2572 507 2604 Pecuniam
531 2583 593 2603 esse
621 2576 738 2613 credat,
761 2587 850 2615 quam
872 2577 955 2607 velut

126 2616 289 2646 maximum
303 2616 426 2647 Numen
441 2620 547 2647 vestrae
559 2617 698 2648 indicant
715 2618 826 2649 littera
842 2621 955 2651 donare

126 2667 233 2689 aureos
247 2658 391 2699 annulos,
408 2663 460 2699 &⁶-

172 2702 246 2730 115.
280 2702 378 2741 Pam]
420 2703 638 2742 Vespasianus
675 2703 755 2734 Paci
791 2708 953 2746 templum

127 2744 228 2773 erexit
237 2744 308 2774 foro
322 2746 520 2784 proximum.
568 2746 702 2777 Sueton.

170 2785 286 2825 Fides]
308 2786 419 2818 Numa
442 2789 620 2828 Pompilius
641 2789 731 2820 Fidei
744 2792 889 2823 solemne
904 2794 954 2824 in-

126 2828 243 2859 stituit.
289 2830 341 2859 Ad
356 2831 387 2860 id
398 2832 569 2862 sacrarium
591 2833 753 2863 Flamin&
768 2835 846 2875 bigis
861 2846 955 2867 curru

126 2877 255 2901 arcuato
271 2872 347 2903 vehi
361 2873 466 2912 jussit,
481 2884 649 2915 manuque
664 2876 703 2906 ad
718 2877 833 2917 digitos
850 2889 955 2918 usque

126 2914 285 2952 involuta,
302 2924 369 2945 rem
381 2915 522 2947 divinam
537 2918 653 2956 facere,
676 2919 886 2959 significantes
901 2923 954 2952 Fz'-

125 2956 192 2986 dem
208 2957 389 2996 tutandam,
403 2959 578 2999 sedemque
588 2962 614 2998 ej
622 2971 658 2991 us
671 2963 769 2992 etiam
785 2964 819 2993 in
835 2964 954 2994 dextris

125 3006 278 3030 sacratam
303 3009 381 3030 esse.
416 3001 496 3032 Haec
508 3002 571 3033 Tit.
592 3003 662 3035 Liv.
682 3005 736 3034 lib.
756 3007 786 3035 1.
811 3015 881 3046 cap.
897 3009 953 3037 21.

126 3040 230 3071 Fidem
255 3043 288 3072 in
311 3042 470 3083 Capitolio
485 3045 661 3076 dedicatam
686 3048 714 3077 ἂ
737 3055 951 3081 consecratam

126 3084 172 3119 ait
187 3085 251 3117 Cic.
270 3086 324 3119 lib.
341 3086 376 3118 2.
399 3087 439 3117 de
451 3087 527 3119 Nat.
541 3089 637 3121 Deos.
657 3100 725 3130 cap.
742 3091 795 3122 61.

1042 941 1209 981 Victoria]
1247 944 1344 974 Dion.
1365 943 1528 974 Halicarn.
1546 944 1599 973 lib.
1617 945 1644 973 1.
1694 942 1837 973 Victoriae

998 986 1160 1024 templum
1174 988 1211 1015 ab
1227 988 1406 1017 Arcadibus
1421 989 1451 1016 in
1466 988 1583 1016 vertice
1600 986 1687 1015 collis
1703 986 1835 1015 edifica-

997 1035 1068 1057 tum
1083 1029 1139 1059 ait.
1166 1029 1232 1059 Tit.
1250 1030 1320 1059 Liv.
1338 1031 1383 1060 lib
1412 1031 1444 1059 8.
1473 1029 1612 1059 Victorioe
1629 1029 1836 1067 templumin

995 1070 1118 1101 Palatio
1130 1073 1226 1103 fuisse
1241 1080 1387 1112 testatur,
1405 1074 1433 1102 <Sc
1450 1073 1516 1102 Cic.
1535 1073 1607 1102 loco
1624 1081 1701 1101 mox
1725 1072 1835 1103 citato.

1033 1114 1162 1154 Virtus]
1178 1116 1305 1146 Tullius
1317 1117 1387 1147 loco
1397 1118 1493 1146 citato
1505 1115 1544 1144 de
1555 1115 1677 1145 Natura
1687 1114 1835 1146 Deorum

996 1157 1040 1186 sic
1057 1158 1152 1188 habet
1168 1171 1174 1187 :
1210 1159 1300 1189 Vides
1316 1159 1448 1190 Virtutis
1465 1157 1607 1197 templum
1636 1158 1654 1187 ἀ
1671 1157 1721 1187 M.
1739 1157 1834 1187 ,Παν-

997 1199 1074 1228 cello
1086 1207 1274 1239 renovatum,
1285 1204 1365 1241 quod
1376 1202 1481 1232 multis
1492 1202 1565 1233 aute
1575 1201 1665 1231 annis
1677 1205 1743 1230 erat
1757 1200 1837 1229 bello

997 1242 1160 1282 Ligustico
1177 1246 1195 1274 ri
1213 1245 1250 1278 Q.
1264 1245 1407 1275 Maximo
1423 1245 1609 1274 dedicatum.
1659 1244 1741 1277 Quid
1755 1244 1835 1273 Con-

997 1286 1117 1323 cordia,
1134 1287 1320 1326 Libertatis,
1347 1289 1488 1319 Victoria:
1501 1286 1515 1315 ,²
1542 1287 1607 1317 Tit.
1623 1287 1692 1316 Liv.
1709 1287 1747 1315 ad
1765 1296 1835 1324 por-

998 1334 1065 1358 tam
1083 1330 1251 1369 Capenam
1268 1331 1365 1361 fuisse
1381 1331 1484 1361 refert.
1531 1329 1611 1360 Item
1630 1330 1831 1359 Plutarchus.

1044 1372 1116 1403 116.
1135 1373 1331 1412 Concordia]
1349 1374 1526 1404 Concordiae
1537 1373 1697 1411 templum
1714 1373 1836 1402 Camil-

997 1415 1049 1444 lus
1072 1416 1191 1455 aliique
1216 1416 1421 1452 aedificarunt,
1448 1418 1537 1446 testis
1553 1415 1688 1445 Ovidius
1712 1414 1834 1445 Pastor.

1002 1460 1029 1488 1.
1053 1459 1211 1489 dedicavit
1227 1461 1255 1489 Sc
1269 1460 1428 1492 Tiberius.
1476 1460 1613 1489 Sueton.

1042 1501 1188 1531 Salutato
1210 1503 1344 1542 crepitat
1373 1502 1472 1541 nida]
1508 1503 1626 1532 Sensus
1650 1506 1714 1531 est:
1743 1500 1828 1532 Con-

998 1545 1116 1584 cordia,
1132 1546 1166 1576 in
1182 1547 1277 1584 cujus
1293 1547 1365 1577 aedis
1388 1546 1514 1586 fastigio
1538 1555 1611 1575 aves
1634 1544 1835 1575 nidificantes

998 1589 1141 1619 sonitum
1166 1591 1267 1619 edunt
1293 1592 1321 1620 ἃ
1336 1591 1508 1630 crepitant,
1533 1589 1659 1628 quoties
1681 1588 1719 1617 ad
1741 1588 1835 1618 nidos

999 1632 1147 1671 redeunt,
1180 1634 1209 1662 86
1236 1634 1343 1671 pullos
1375 1633 1467 1674 quasi
1490 1631 1644 1669 salutant,
1670 1631 1834 1670 pabulum

998 1674 1176 1706 afferentes.
1222 1675 1373 1707 Cornices
1399 1675 1552 1715 intelligit
1574 1675 1723 1705 Politian.
1754 1673 1832 1704 Mis-

1000 1718 1073 1748 cell.
1089 1729 1159 1759 cap.
1176 1719 1228 1751 67.
1245 1729 1284 1750 eo
1299 1720 1387 1760 quod
1399 1721 1481 1750 inter
1494 1720 1562 1749 illas
1572 1727 1690 1757 magna
1700 1717 1740 1747 sit
1754 1717 1832 1747 fides

999 1761 1027 1790 Sc
1044 1763 1230 1802 concordia,
1256 1765 1283 1793 ὃ(
1301 1764 1389 1802 quod
1405 1763 1540 1793 Veteres
1563 1763 1598 1791 in
1613 1761 1744 1800 Nuptiis
1760 1766 1833 1799 post

999 1803 1220 1843 Hymenaeum
1233 1808 1392 1837 cornicem
1405 1806 1607 1837 invocabant.
1642 1804 1709 1835 Alii
1723 1808 1833 1834 tamen

998 1846 1081 1875 inter
1096 1857 1177 1886 quos
1190 1850 1420 1887 Mancinellus,
1438 1850 1465 1879 δε
1480 1848 1624 1878 Turneb.
1641 1848 1698 1877 lib.
1715 1846 1746 1876 8.
1760 1856 1832 1884 cap.

1001 1889 1051 1918 18.
1101 1891 1247 1920 Ciconias
1276 1892 1446 1931 significari
1473 1892 1600 1927 volunt,
1629 1891 1706 1929 quia
1728 1889 1831 1926 pietas

998 1932 1058 1961 illis
1074 1933 1152 1963 inest
1166 1935 1370 1972 admirabilis,
1392 1943 1492 1975 quam
1508 1933 1675 1971 explicant
1687 1932 1832 1971 Solinus,

999 1975 1026 2002 δε
1042 1974 1124 2006 Plin.
1139 1977 1194 2006 lib.
1211 1978 1262 2006 10.
1278 1987 1347 2016 cap.
1363 1979 1417 2008 23.
1443 1978 1469 2006 δε
1488 1977 1641 2014 quoniam
1656 1975 1833 2006 Concordia

997 2016 1139 2048 Ciconiae
1155 2020 1256 2049 forma
1270 2020 1444 2050 colebatur.
1479 2019 1619 2049 Videtur
1634 2019 1718 2049 certe
1731 2019 1834 2050 Juve-

999 2061 1077 2090 nalis
1095 2064 1269 2101 respexisse
1282 2063 1362 2093 illud
1380 2063 1487 2093 Ovidii
1503 2073 1509 2090 :

1040 2103 1115 2142 Ipsa
1129 2106 1187 2135 sibi
1197 2105 1335 2145 plaudat
1347 2107 1518 2146 crepitante
1536 2104 1663 2134 Ciconia
1680 2108 1789 2137 rostro.

1002 2148 1161 2179 Caeterum
1183 2150 1263 2179 mihi
1287 2158 1354 2180 non
1373 2149 1527 2180 absurdus
1545 2149 1690 2177 videatur
1701 2147 1831 2179 Flavius

1001 2191 1150 2228 Conject.
1167 2202 1238 2230 cap.
1254 2194 1306 2222 53.
1331 2193 1441 2223 locum
1465 2193 1555 2222 hunc
1570 2191 1757 2229 simpliciter
1774 2203 1831 2222 ex-

1001 2233 1122 2270 plicans
1138 2235 1177 2264 de
1194 2236 1261 2264 aede
1285 2236 1486 2273 Concordiae,
1510 2234 1547 2262 ad
1565 2243 1662 2272 quam
1678 2242 1745 2262 non
1760 2236 1834 2266 sine

999 2278 1134 2314 strepitu
1157 2278 1368 2309 confluebant
1391 2279 1507 2314 Patres,
1531 2277 1604 2306 cum
1632 2277 1675 2305 ibi
1693 2275 1830 2308 Senatus

999 2317 1162 2350 interdum
1175 2321 1358 2361 haberetur,
1379 2321 1514 2351 testibus
1530 2319 1674 2349 Varrone
1692 2319 1718 2348 ἃ
1736 2319 1831 2351 Lam-

999 2362 1111 2400 pridio.

1042 2406 1113 2436 117.
1139 2407 1201 2437 Sed
1214 2408 1280 2438 cum
1292 2418 1424 2437 summus
1440 2406 1542 2443 honor,
1557 2405 1623 2444 Zeta]
1651 2404 1733 2435 Cum
1745 2416 1831 2437 sum·

997 2448 1042 2479 mi
1055 2450 1180 2490 quique
1196 2452 1264 2490 viri,
1278 2451 1498 2489 Magistratus,
1514 2451 1679 2479 Senatores
1696 2457 1830 2489 compu-

998 2497 1080 2530 tent,
1095 2499 1258 2532 quantum
1271 2495 1345 2533 ipsis
1357 2494 1485 2522 valeant
1497 2492 1648 2530 sportulae
1664 2491 1762 2521 unius
1775 2503 1831 2523 an-

998 2537 1042 2571 ni,
1069 2537 1097 2565 δι’
1124 2543 1288 2576 quantum
1315 2535 1533 2566 emolumenti
1561 2533 1718 2572 afferant,
1744 2536 1831 2573 quod

998 2578 1176 2619 sordidum,
1190 2582 1217 2610 &c
1230 2579 1401 2620 indignum
1416 2589 1426 2617 3
1441 2579 1519 2618 quid
1535 2577 1653 2607 facient
1666 2587 1830 2617 pauperes,

998 2622 1143 2661 clientes,
1156 2624 1295 2662 parasiti,
1307 2622 1363 2661 qui
1377 2631 1442 2651 non
1454 2621 1583 2651 aliunde
1597 2621 1694 2660 quam
1712 2622 1728 2651 a
1745 2630 1830 2660 spor-

997 2666 1071 2696 tulis
1088 2666 1210 2696 habent
1225 2675 1291 2704 quo
1306 2666 1415 2694 vivant
1432 2666 1461 2694 δε
1475 2665 1657 2694 vestiantur.

1042 2709 1116 2738 118.
1132 2708 1306 2748 Sportula]
1330 2706 1415 2740 Quid
1427 2709 1466 2738 sit
1477 2707 1712 2746 explicavimus
1724 2708 1827 2737 antea.

1042 2751 1198 2784 Quantum
1208 2750 1378 2780 rationibus
1393 2750 1516 2789 addat]
1540 2749 1709 2782 Quantum
1721 2759 1831 2779 annuo

999 2794 1114 2825 reditui
1128 2794 1257 2823 accedat
1270 2794 1288 2823 ὲ
1303 2794 1521 2833 sportularum
1540 2801 1706 2831 proventu.

1045 2839 1116 2867 119.
1143 2837 1302 2876 Comites]
1325 2836 1410 2866 Vide
1426 2837 1520 2876 supra
1536 2847 1566 2865 v.
1583 2836 1635 2866 96.
1649 2835 1687 2864 ad
1706 2844 1830 2872 vocem,

1001 2879 1139 2920 Togatae,
1156 2879 1329 2910 clientelas
1347 2880 1375 2908 &
1392 2880 1567 2919 patrocinia
1583 2880 1599 2908 a
1616 2878 1758 2907 Romulo
1785 2878 1831 2906 in·

997 2924 1108 2952 stituta
1134 2923 1305 2962 sapienter,
1327 2924 1397 2960 jam
1414 2922 1612 2962 pauperibus
1629 2921 1755 2951 inutilia
1777 2920 1831 2951 de·

998 2966 1110 3003 plorat.

1047 3010 1116 3040 120.
1141 3008 1280 3047 Fumus]
1303 3009 1489 3048 Metonym.
1504 3018 1560 3047 pro
1574 3008 1660 3046 igne,
1671 3013 1727 3036 aut
1740 3006 1831 3045 lignis

997 3051 1035 3081 ad
1049 3053 1214 3083 ovendum
1229 3053 1263 3081 in
1275 3052 1402 3081 camino
1416 3053 1538 3091 ignem.

1041 3093 1230 3125 Densissima
1247 3099 1366 3125 centvm
1383 3095 1572 3134 quadrantes
1595 3093 1703 3122 lecet-a
1723 3092 1835 3130 peria]
