1948 3281
621 107 962 156 JUVENALIS
994 103 1213 149 SATIRA
1244 100 1326 146 XI.

116 205 256 249 Nocte
276 203 359 246 fere
378 203 528 255 media,
552 204 814 261 mediamque
830 201 967 245 audita
983 215 1052 257 per
1073 198 1233 249 urbem,

117 262 276 306 Littore
297 262 347 304 ab
370 262 526 304 Oceani
546 263 676 304 Gallis
700 260 974 312 venientibus,
1000 259 1039 300 δε
1055 257 1149 300 Diis

119 320 314 363 Officium
338 320 456 361 Vatis
479 320 780 377 peragentibus,
802 318 866 360 his
889 316 1054 359 monuit
1074 328 1167 356 nos,

118 379 244 420 Hanc
263 376 379 418 rebus
402 378 531 419 Latiis
554 392 694 419 curam
718 386 906 432 praestare
927 374 1081 416 solebat

118 434 292 484 Fictilis,
319 435 359 476 δε
380 435 496 476 nullo
518 435 691 477 violatus
713 434 875 490 Jupiter
896 447 1009 474 auro.

118 492 197 534 Illa
218 491 332 533 domi
354 504 484 545 natas,
509 503 729 549 nostraque
751 507 799 533 ex
822 491 962 533 arbore
985 502 1145 530 mensas

117 550 324 604 Tempora
344 550 560 603 viderunt3
595 552 670 592 hos
693 550 854 606 lignum
878 549 1007 589 stabat
1028 547 1072 588 in
1095 559 1208 597 usus,

118 604 338 649 Annosam
361 607 394 649 si
417 608 521 650 forte
541 623 692 650 nucem
715 607 911 663 dejecerat
941 607 1092 647 Eurus.

120 665 182 706 At
203 679 316 705 nunc
340 665 532 708 divitibus
556 666 749 708 coenandi
773 665 884 705 nulla
904 663 1108 717 voluptas,

116 721 191 763 Nil
215 722 429 773 rhombus,
454 724 510 765 nil
532 724 651 765 dama
671 722 802 777 sapit3
849 730 988 776 putere
1009 718 1196 761 videntur

120 780 366 837 Unguenta,
391 792 513 837 atque
535 796 655 832 rosae,
678 780 781 821 latos
803 779 882 819 nisi
905 776 1080 819 sustinet
1101 775 1217 817 orbes

123 838 291 879 Grande
313 838 428 889 ebur,
455 839 493 879 &
515 852 667 894 magno
690 834 878 878 sublimis
898 835 1044 889 pardus
1061 832 1192 884 hiatu,

122 895 331 938 Dentibus
352 910 399 937 ex
425 895 519 946 illis,
544 910 649 951 quos
672 894 799 935 mittit
820 902 934 948 porta
956 893 1126 948 Syenes,

122 955 186 995 Ex
209 952 347 994 Mauri
369 952 531 1004 celeres,
558 954 597 994 δι
613 953 764 993 Mauro
786 949 997 992 obscurior
1020 948 1167 999 Indus,

1761 105 1842 148 203

1334 196 1422 224 nocte
1433 192 1528 233 prope
1544 195 1656 234 mcdid,
1671 198 1693 235 ς’
1706 197 1738 228 in
1749 199 1849 228 media

1335 238 1460 268 civitate
1483 239 1642 275 exaudita,
1665 242 1739 271 eum
1762 253 1848 273 acce-

1336 281 1441 310 derent
1457 280 1542 310 Galli
1566 281 1604 310 ab
1632 282 1747 313 Oceani
1768 287 1849 327 ripa,

1336 323 1519 353 Numinihue
1529 334 1645 364 quoque
1655 335 1760 356 munus
1763 329 1850 365 fini-

1245 371 1261 412 l
1274 370 1320 411 15
1337 367 1470 397 dicorum
1483 367 1684 406 implentibus.
1727 369 1852 408 Jupiter

1337 414 1488 441 testaceus
1500 411 1625 440 necdum
1640 413 1701 440 ullo
1713 412 1852 450 pollutus

1337 464 1411 483 auro
1437 458 1630 483 consueverat
1660 464 1725 484 eam
1747 465 1853 493 gerere

1337 497 1570 527 sollicitudinem
1586 497 1736 528 rationum
1750 497 1849 532 Latii.

1337 538 1430 570 AEtas
1464 540 1522 569 ista
1551 541 1707 579 conspexit
1738 551 1855 574 mensas

1337 584 1420 622 apud
1434 593 1499 622 noc,
1515 584 1537 620 ‘⁴8
1549 593 1586 611 ex
1597 584 1704 613 arbore
1717 589 1854 616 nostrate

1337 630 1468 656 exortas.
1511 626 1564 655 Ad
1583 625 1663 656 banc
1684 627 1855 660 utilitatem

1245 659 1325 700 120
1336 670 1484 699 serviebat
1499 668 1627 709 lignum,
1651 671 1772 709 quando
1786 671 1853 702 Eu-

1336 722 1387 741 rus
1409 722 1481 742 casu
1497 716 1645 741 vetustam
1670 722 1774 743 nucem
1798 715 1853 745 de-

1337 755 1522 785 turbaverat.
1567 755 1639 785 Janz
1665 757 1734 785 vera
1750 756 1853 788 nullas

1335 799 1473 836 opulenti
1480 797 1604 827 delicias
1615 798 1765 837 epulando
1778 811 1854 841 cap-

1338 846 1428 871 tant:
1454 841 1499 870 nil
1522 840 1672 880 rhombus,
1696 843 1741 872 nil
1763 844 1853 874 dama

1336 884 1456 923 saporis
1493 884 1608 914 habet:
1639 885 1759 922 foetere
1790 897 1853 916 cre-

1305 948 1320 955 ..
1339 927 1454 956 dantur
1467 931 1623 967 unguenta
1637 929 1660 965 ‹¹3-
1684 939 1767 967 rosae,
1793 930 1853 960 nisi

1248 947 1322 987 12³
1338 970 1456 1008 amplos
1484 970 1570 1000 orbes
1599 975 1707 1008 portat
1742 973 1853 1012 ingens

122 1019 207 1057 ebur,
229 1018 370 1058 altusque
391 1021 509 1058 pardus
521 1020 637 1060 grandi
652 1019 742 1058 rictu,
765 1028 802 1048 ex
817 1017 854 1048 iis
869 1016 1006 1048 dentibus
1021 1024 1093 1055 quos
1106 1014 1244 1045 Romam
1260 1012 1411 1051 transfert
1425 1013 1532 1044 Janua
1554 1012 1678 1052 Syenes,
1701 1015 1730 1044 dc
1752 1015 1852 1057 agiles

123 1061 247 1100 IUauri,
262 1065 284 1101 ξ-
300 1062 396 1092 Indus
412 1063 529 1092 Mauro
545 1063 674 1104 nigrior,

924 1142 1051 1153 .—

125 1215 211 1247 Tum
230 1216 285 1248 Dii
299 1219 399 1260 magis
416 1225 505 1251 erant
518 1219 663 1260 propitii,
677 1218 751 1249 curn
768 1219 873 1249 minus
890 1219 965 1249 lux-

127 1260 223 1290 uriosi
239 1261 400 1293 homines.

175 1302 238 1332 Vox
255 1307 422 1343 nocte—fere
438 1307 553 1346 media]
577 1306 642 1336 Tit.
658 1306 728 1336 Liv.
744 1306 800 1336 lib.
818 1307 848 1336 5.
867 1315 893 1335 c.
907 1306 962 1336 32.

126 1345 255 1384 Eodem,
272 1348 391 1388 inquit,
406 1361 486 1381 anno
502 1351 554 1380 M.
572 1349 709 1379 Ceclitius
729 1350 764 1378 de
782 1350 870 1388 plebe
886 1358 964 1378 nun-

126 1389 215 1418 tim-it
232 1391 370 1422 'tribunis
384 1394 458 1423 sein
477 1404 552 1424 nova
564 1393 625 1429 cia,
650 1392 702 1421 ubi
718 1402 798 1421 nunc
821 1393 963 1421 sacellum

125 1436 184 1469 est,
199 1442 292 1471 supra
305 1436 396 1465 aeclem
416 1436 521 1470 Vestae,
540 1446 636 1466 vocem
654 1436 749 1464 noctis
763 1435 885 1464 silentio
910 1445 963 1464 au-

126 1475 205 1522 disse
228 1476 383 1508 clariorem
405 1479 549 1518 bumanci,
563 1490 628 1519 quae
644 1478 888 1520 llIagistratibus
904 1478 966 1507 dici

116 1517 256 1557 =juberet,
271 1520 377 1551 Gallos
392 1524 566 1561 ach-entare,
581 1524 642 1552 acc.
675 1521 717 1551 Et
729 1532 799 1561 cap.
814 1523 866 1552 50.
882 1522 963 1559 ejus-

127 1560 202 1590 dem
220 1562 304 1593 Libri
318 1565 362 1594 sic
377 1566 474 1596 habet
487 1578 493 1594 :
517 1566 689 1605 Expiandoe
701 1565 793 1594 etiam
807 1564 886 1594 vocis
895 1574 963 1594 noc-

128 1606 235 1643 turnae,
259 1616 324 1644 quoe
346 1610 455 1638 nuncia
481 1609 578 1639 cladis
594 1612 665 1638 ante
689 1608 795 1638 bellum
811 1608 964 1637 Gallicum

127 1647 237 1677 audita
251 1652 448 1690 neglectaque
462 1658 550 1689 esset,
573 1651 683 1681 mentio
707 1651 812 1689 illata,
828 1651 964 1689 jussum-

128 1699 186 1728 que
202 1694 342 1731 templum
359 1694 389 1722 in
406 1705 482 1724 noca
498 1695 547 1724 via
563 1695 622 1724 Aio
638 1694 857 1732 Locutiofieri.

174 1735 248 1764 113.
281 1735 402 1766 Littore
425 1738 464 1767 ab
492 1737 608 1768 Oceani
636 1737 741 1767 Gallis
764 1737 970 1776 venientibus]

129 1774 261 1815 Legunt
276 1779 350 1818 alii,
372 1781 410 1810 ab
426 1781 547 1810 occiduo
558 1793 567 1809 :
591 1780 656 1818 alii,
667 1780 705 1809 ab
722 1780 852 1817 Oceano,
867 1790 965 1819 quam

129 1818 306 1852 lectionem
328 1825 437 1853 asserit
461 1824 548 1861 Lips.
575 1824 679 1863 Epist.
710 1822 833 1856 Quaest.
857 1824 912 1853 lib.
939 1825 968 1852 4.

129 1860 222 1900 Epist
248 1866 301 1895 25.
319 1866 388 1896 Liv.
407 1867 460 1896 cit.
477 1867 530 1896 lib.
545 1877 571 1897 c.
589 1869 629 1897 37
678 1865 834 1904 Inaudito,
851 1866 971 1905 inquit,

130 1902 214 1935 hoste
229 1908 267 1937 ab
286 1909 405 1939 Oceano
423 1914 631 1950 terrarumque
653 1909 767 1939 ultimis
783 1909 842 1938 oris
858 1909 970 1939 bellum

130 1949 240 1987 ciente,
256 1955 314 1984 ἃς,

176 1993 280 2025 Gallis
292 1997 494 2037 venientibue]
528 1997 580 2028 De
596 1996 764 2027 Gallorum
788 1996 822 2026 in
842 1996 969 2027 Italiam

132 2038 264 2068 transitu
281 2040 353 2069 vide
366 2041 431 2070 Tit.
449 2041 519 2071 Liv·
537 2042 591 2071 cit.
607 2051 634 2070 c.
648 2042 701 2070 38.
720 2042 748 2070 <Sc
764 2049 830 2078 seq.
876 2040 971 2078 Eam,

132 2078 250 2118 inquit,
263 2086 386 2121 gentem
409 2084 543 2113 traditur
566 2083 861 2123 dulcedinefi-ugum
876 2083 972 2112 maari-

132 2122 237 2170 me'que
261 2125 325 2153 vini
353 2125 430 2154 not-12
456 2130 518 2156 tum
547 2129 701 2167 voluptate
728 2131 851 2165 captam
877 2127 973 2165 Alpes

133 2168 286 2205 tramis-se,
304 2169 362 2197 xc.

175 2208 248 2238 Diis
262 2210 391 2248 officium
413 2210 500 2242 Vatis
518 2212 753 2254 peragentibus]
790 2212 971 2243 Praenunti-

134 2253 263 2283 antibus
280 2254 502 2293 impendentia
518 2256 612 2293 mala,
628 2263 664 2286 ut
677 2256 712 2285 iis
722 2254 849 2287 obviam
862 2257 969 2286 iretur.

133 2296 218 2325 Vide
237 2297 318 2327 Coel.
336 2297 436 2328 Rhod.
458 2299 510 2328 lib.
531 2300 560 2330 7.
579 2309 605 2328 c.
625 2299 676 2329 29.

179 2338 251 2369 116.
274 2339 392 2370 Fictilis
406 2341 546 2380 Jupiter]
575 2343 696 2371 Seneca
710 2341 749 2371 ad
763 2341 866 2371 Lucil.
915 2341 972 2371 Co-

129 2382 202 2422 gita
228 2382 324 2422 Deos,
352 2385 417 2414 crim
437 2385 568 2423 propitii
591 2389 701 2424 essent,
721 2384 838 2422 fictiles
856 2384 970 2422 fuisse.

133 2425 214 2456 Plin.
238 2426 292 2456 lib.
316 2428 368 2457 35.
395 2438 422 2458 c.
449 2430 500 2458 12.
545 2428 695 2458 Fictilem
717 2427 810 2459 Jovis
834 2427 972 2466 effigiem

129 2469 222 2506 jussu
237 2469 410 2509 Tarquinii
427 2471 521 2501 Prisci
533 2472 740 2507 elaboratam,
764 2471 796 2500 in
812 2471 972 2509 Capitolio

134 2511 345 2543 dedicandam
377 2514 482 2551 refert,
507 2514 684 2553 additque:
720 2514 779 2543 Hae
807 2514 884 2544 enim
909 2518 972 2543 tum

133 2554 283 2595 imagines
299 2554 398 2586 Deicm
412 2562 501 2587 erant
515 2557 728 2587 laudatissimoe
740 2568 748 2584 .·
774 2567 828 2586 nec
839 2557 971 2596 poenitet

135 2607 190 2627 nos
212 2598 344 2638 illorum,
372 2600 424 2638 qui
448 2600 526 2630 tales
547 2600 676 2630 coluere.
720 2600 838 2630 Aurum
853 2600 931 2629 enim
947 2601 970 2637 ξς

135 2645 295 2679 argentum
308 2653 344 2672 ne
359 2642 432 2672 Diis
444 2645 563 2682 quidem
578 2642 788 2681 conficiebant,
802 2645 859 2673 &c-

180 2682 278 2713 Nullo
304 2685 436 2716 violatus
464 2686 552 2724 auro]
584 2686 667 2716 Plin.
685 2696 764 2716 mox
787 2686 874 2716 citat.
905 2684 974 2715 Du·

136 2731 222 2763 rant,
246 2726 364 2766 inquit,
387 2729 419 2757 z'n
437 2728 592 2768 plerisque
617 2728 689 2758 locis
706 2729 799 2758 etiam
820 2738 899 2758 nunc
914 2729 974 2766 fic-

137 2767 207 2798 tilia
230 2769 290 2798 ista
312 2771 492 2802 sinmlacra:
506 2772 650 2813 fastigia
670 2781 786 2810 quaque
800 2774 976 2810 templorum

136 2811 216 2858 7)ζίνὰ
250 2814 394 2842 caelatur&
430 2816 453 2853 ξς
486 2821 553 2846 arte
588 2816 700 2853 eoique
726 2814 878 2852 firmitate
913 2824 976 2843 cer-

139 2856 218 2884 tzora
249 2865 335 2894 auro,
364 2856 444 2885 certe
475 2859 695 2889 innocentiora.
741 2857 824 2886 Vide
851 2859 918 2887 Sat.
944 2858 975 2887 3.

138 2905 217 2926 vers.
233 2899 283 2928 20.

186 2942 255 2970 117.
279 2941 341 2971 Illa
371 2943 451 2972 domi
473 2948 576 2983 natae,
607 2944 674 2983 rga]
708 2943 829 2973 Mensae
855 2944 976 2982 pridem

138 2983 258 3012 fiebant
281 2984 299 3013 ὲ
320 2985 413 3024 lignis
437 2987 630 3026 vulgaribus,
654 2997 715 3017 nec
729 2988 745 3016 ὲ
762 2987 838 3016 citro
854 2987 904 3016 vel
920 2996 974 3017 cu-

137 3035 246 3065 presso
262 3026 353 3057 factae
371 3029 465 3068 longe
483 3031 688 3067 petebantur.

185 3070 254 3099 119.
281 3069 399 3111 Eurus]
425 3072 548 3105 Ventus
568 3074 608 3104 ab
634 3073 718 3104 Ortu
746 3072 839 3112 flans,
860 3073 974 3114 saepius

141 3111 326 3145 vehemens.

1053 1218 1124 1246 121.
1157 1213 1330 1256 Rhombus]
1365 1215 1459 1245 Piscis
1486 1213 1682 1252 exquisitus,
1712 1212 1752 1243 de
1780 1223 1850 1255 quo

1009 1261 1113 1290 multa
1128 1259 1197 1290 Sat.
1214 1261 1243 1289 4.
1260 1269 1289 1288 v.
1307 1260 1358 1289 89.
1378 1260 1406 1289 ὅ(
1421 1267 1488 1297 seq.

1049 1301 1169 1341 Dama]
1192 1302 1349 1332 Silvestris
1365 1311 1469 1340 capra.
1488 1299 1568 1330 Plin.
1583 1300 1638 1331 lib.
1653 1299 1684 1337 8,
1697 1309 1724 1329 c.
1744 1302 1796 1330 53.

1053 1347 1127 1375 122.
1161 1345 1342 1386 Unguenta]
1378 1345 1506 1378 Quibus
1534 1347 1605 1382 post
1634 1343 1749 1373 balnea
1777 1348 1848 1375 ute-

1009 1389 1136 1420 bantur.

1052 1431 1156 1471 Rosae]
1181 1432 1241 1462 His
1256 1432 1398 1462 convivae
1414 1429 1655 1461 coronabantur.
1694 1429 1848 1461 Horatius

1008 1476 1066 1506 lib.
1085 1479 1112 1506 1.
1132 1475 1195 1506 Od.
1212 1478 1241 1505 Ξ).
1259 1477 1287 1505 δε
1305 1475 1360 1505 88.
1376 1476 1434 1504 &c.

1050 1517 1126 1549 Nisi
1140 1519 1269 1548 suscinet
1285 1518 1368 1547 orbes
1387 1517 1504 1557 grande
1519 1515 1604 1554 ebur]
1627 1514 1698 1545 Nisi
1710 1516 1850 1555 ingentis

1009 1572 1129 1593 mensa:
1147 1562 1291 1592 rotundae
1316 1571 1370 1600 pes
1393 1561 1480 1590 altus
1503 1561 1543 1590 sit
1558 1569 1601 1590 ex
1614 1560 1708 1590 ebore
1729 1559 1764 1590 in
1785 1559 1848 1591 for¹³

1009 1615 1095 1636 mam
1111 1606 1199 1645 pardi
1214 1605 1315 1635 hianti
1329 1614 1383 1635 ore
1397 1604 1553 1643 sculptus.

1056 1650 1128 1679 124.
1151 1648 1306 1679 Dentibus
1332 1658 1369 1678 επ
1391 1647 1467 1686 illis]
1498 1645 1738 1686 ElephantiniS,
1762 1646 1849 1678 Mar·

1013 1692 1080 1722 tial.
1094 1693 1148 1723 lib.
1167 1694 1199 1722 2.
1216 1691 1381 1731 Epigram.
1396 1692 1448 1720 43.

1058 1734 1102 1764 Tu
1115 1735 1242 1774 Libycos
1254 1734 1341 1764 Indis
1353 1733 1510 1772 suspendis
1523 1732 1663 1763 dentibus
1674 1732 1776 1763 orbes:

1098 1778 1237 1808 Fulcitur
1253 1776 1456 1817 testclfagina
1470 1786 1572 1806 mensa
1587 1774 1670 1805 mihi.

1014 1821 1166 1852 Lucanus
1181 1821 1235 1850 lib.
1251 1822 1306 1850 10.

1056 1864 1211 1894 Dentibus
1225 1862 1275 1893 hic
1290 1863 1387 1893 niveis
1401 1866 1497 1894 sectos
1508 1861 1672 1894 Atlantide
1687 1861 1765 1893 silc-d

1056 1906 1226 1945 Imposuere
1241 1906 1332 1936 orbes.

1016 1951 1098 1981 Coel.
1116 1951 1252 1989 Rhodig.
1268 1949 1324 1978 lib.
1346 1950 1397 1979 18.
1414 1959 1483 1988 cap.
1504 1949 1554 1979 18.
1572 1958 1638 1979 non
1660 1947 1772 1979 dentes
1795 1950 1849 1980 secl

1013 2003 1133 2023 cornua
1149 1993 1213 2023 dici
1229 1993 1263 2022 in
1280 1992 1471 2032 Elephantis
1484 1992 1613 2030 debere,
1638 2000 1681 2022 ex
1694 1992 1851 2024 Pausania

1014 2043 1133 2067 asserit.

1061 2078 1142 2114 Quos
1155 2079 1267 2118 mittit]
1293 2080 1419 2110 Dentes
1445 2079 1533 2109 enim
1560 2079 1761 2118 elephantini
1790 2079 1851 2110 Ro-

1014 2133 1103 2154 mam
1126 2124 1331 2153 advehuntur
1343 2132 1385 2152 ex
1401 2122 1578 2161 Elephanti
1591 2122 1699 2152 Insula
1714 2132 1786 2161 quae
1804 2128 1851 2153 est

1012 2167 1094 2197 intra
1107 2167 1220 2197 Nilum
1237 2166 1378 2204 flumen,
1388 2167 1494 2205 Syene
1508 2166 1625 2203 vicina,
1636 2165 1674 2195 ab
1687 2165 1850 2204 Elephan-

1015 2216 1122 2240 torum
1150 2209 1362 2240 multitudine
1395 2209 1439 2238 sic
1466 2209 1646 2248 appellata:
1686 2208 1804 2237 deinde
1832 2209 1851 2238 ὲ

1015 2252 1211 2283 Mauritania
1225 2265 1230 2282 :
1256 2253 1335 2282 item
1351 2262 1394 2282 ex
1411 2252 1514 2291 India,
1530 2261 1587 2282 seu
1603 2251 1733 2281 Arabia.
1768 2251 1851 2282 Vide

1016 2296 1098 2326 Plin.
1112 2296 1167 2326 lib.
1183 2297 1214 2326 8.
1227 2306 1255 2325 c.
1271 2298 1301 2325 1.
1316 2297 1344 2326 &
1361 2305 1427 2335 seq.

1059 2339 1157 2369 Porta
1172 2338 1297 2379 Syenes]
1330 2339 1436 2378 Syene
1462 2338 1561 2377 vulgo
1584 2337 1684 2375 Αεηα,
1708 2341 1756 2366 est
1779 2337 1853 2368 urbs

1016 2380 1151 2422 AEgypti
1166 2382 1355 2421 Superioris,
1371 2382 1429 2412 sub
1444 2380 1584 2419 Tropico
1599 2380 1715 2410 Cancri
1729 2379 1801 2416 sita,
1819 2381 1851 2411 in

1017 2426 1156 2456 confinio
1173 2424 1358 2463 AEthiopiae.
1390 2426 1512 2464 Syenes
1528 2428 1653 2461 portam
1669 2426 1762 2452 vocat
1776 2423 1852 2453 Ele-

1010 2467 1191 2506 phantidenz
1209 2468 1353 2498 Insulam
1370 2476 1449 2497 mox
1463 2467 1594 2503 dictam,
1619 2466 1776 2504 quoniam
1799 2476 1853 2496 ve-

1015 2512 1181 2542 nientibus
1198 2512 1341 2550 Syenen,
1359 2512 1387 2540 <Sc
1402 2510 1437 2540 in
1450 2507 1645 2548 AEgyptum,
1661 2509 1689 2538 δε
1706 2509 1781 2538 inde
1792 2508 1852 2539 Ro-

1015 2563 1104 2585 mam
1134 2555 1247 2584 dentes
1280 2554 1505 2592 elephantinos
1532 2551 1776 2589 apportantibus
1809 2561 1854 2583 ex

1014 2597 1122 2628 Insula
1132 2599 1202 2635 ista,
1215 2598 1243 2626 &
1258 2606 1314 2636 per
1325 2606 1395 2625 eam
1409 2595 1498 2625 velut
1512 2601 1636 2633 portam
1649 2595 1708 2624 iter
1719 2599 1776 2624 est.
1801 2596 1854 2625 Sic

1017 2642 1083 2670 Sat.
1113 2643 1143 2670 3.
1173 2650 1254 2670 vers.
1288 2640 1317 2668 4.
1363 2638 1483 2668 Cumas
1512 2637 1688 2676 appellavit
1710 2637 1856 2669 Januam

1017 2683 1184 2720 Baiarum,
1201 2683 1277 2722 quia
1292 2681 1385 2711 Baias
1402 2681 1466 2710 itur
1481 2691 1536 2720 per
1552 2680 1685 2710 Cumas.

1065 2728 1137 2756 125.
1164 2725 1272 2756 Mauri
1288 2723 1414 2762 celeres]
1435 2723 1564 2754 Horum
1581 2729 1670 2753 tanta
1687 2724 1857 2762 pernicitas

1019 2774 1058 2799 ut
1070 2770 1149 2799 feras
1166 2778 1261 2798 cursu
1278 2773 1498 2806 assequantur.
1538 2766 1592 2797 De
1606 2766 1809 2806 Troglodytis
1825 2766 1857 2796 id

1020 2813 1182 2842 affirmant
1198 2810 1382 2841 Herodotus
1399 2812 1426 2839 δε
1445 2810 1575 2840 Plinius.

1062 2855 1176 2884 IlIauro
1203 2852 1353 2884 obscurior
1375 2853 1485 2891 Indus]
1520 2852 1625 2883 Graeci
1651 2851 1775 2891 Mavgor‚
1802 2851 1857 2881 ob·

1020 2907 1150 2928 scurum
1163 2903 1289 2927 vocant.
1336 2897 1435 2935 Apul.
1450 2896 1568 2926 Florid.
1583 2894 1683 2931 Indis,
1700 2894 1806 2932 inquit
1816 2895 1860 2923 ad

1021 2944 1193 2970 nascentem
1208 2940 1285 2970 diem
1299 2939 1368 2969 sitis
1391 2943 1492 2969 tamen
1508 2941 1540 2968 in
1556 2947 1677 2977 corpore
1693 2935 1777 2966 color
1790 2946 1860 2973 noc-

1022 2984 1062 3012 tis
1077 2985 1165 3013 inest.
1211 2983 1321 3013 Mauri
1347 2983 1439 3021 porro
1466 2983 1494 3012 δε
1518 2981 1588 3011 Indi
1604 2979 1703 3010 Zonae
1719 2979 1860 3009 Torrida:

1020 3027 1166 3063 subjecti.
1212 3026 1260 3056 Hi
1283 3028 1360 3056 vero
1384 3025 1573 3062 Arabesque
1596 3021 1767 3061 AEquatori
1788 3032 1860 3062 pro-

1017 3069 1134 3108 piores.
1201 3068 1284 3100 Vide
1312 3069 1395 3101 Coel.
1425 3066 1566 3107 Rhodig.
1602 3065 1657 3096 lib.
1698 3065 1750 3097 16.
1787 3075 1860 3105 cap.
