1948 3281
89 97 173 138 288

679 90 867 134 PERSII
902 91 1121 135 SATIRA
1151 92 1214 133 Π.

82 191 291 232 expiantibus,
329 192 417 223 docta
444 189 603 231 prohibere
613 178 779 233 Expiat,
813 188 975 219 urentes
999 177 1142 218 oculos
1165 175 1349 218 inhibere
1371 176 1525 232 perita3

1758 179 1816 219 34

83 237 185 267 002⁶l⁰³
219 235 449 273 fascinantes,·
493 234 734 276 deinrleTunC
769 235 960 276 manibus
997 233 1146 291 quatit,
1196 234 1237 275 δι
1268 248 1383 289 spem
1417 248 1598 276 macram
1633 234 1820 290 supplice

84 279 224 309 manibus
246 289 323 311 eum
350 280 486 314 maritat,
510 279 532 315 ξς
549 276 602 305 lm-

83 322 150 351 mili
161 322 339 360 precatione
355 332 435 361 spem
459 321 599 356 exiguam
788 302 885 333 voto

82 366 205 395 inducit
221 366 307 395 mode>
322 365 352 394 in
368 375 460 405 agros
473 363 601 400 Licinii,
616 349 744 390 Nunc
766 349 905 390 Licini
927 349 969 390 in
992 364 1176 404 campos,
1196 364 1309 390 nunc
1328 348 1467 390 Crassi
1484 349 1611 391 mittit
1628 350 1672 391 in
1691 349 1816 392 aedcs.

82 409 170 438 modf’
186 409 215 437 in
232 409 349 438 dimum
366 408 482 438 Cra-0⁸2·
529 406 600 436 MO-
615 408 745 446 Hunc
768 416 912 461 optent
935 422 1134 464 generum
1158 408 1244 448 Rex
1270 407 1310 447 Sc
1332 406 1517 462 Regina:
1552 408 1700 462 puellae

84 452 121 481 ᾱὸ
146 459 215 481 orat
237 457 273 481 ut
291 451 359 481 Rex
384 453 406 489 ἐς
421 450 544 490 Regina
570 451 600 478 in

81 504 229 535 generum
240 495 415 524 adsciscant
426 505 439 529 ;
464 501 499 523 ut
511 491 600 521 illum

614 464 745 504 Hunc
771 465 927 519 rapiant
948 482 958 506 ε
992 464 1192 520 quicquid
1214 463 1428 505 calcaverit
1451 463 1536 513 hie,
1560 479 1650 506 rosa
1671 465 1756 506 fiat.

89 538 232 577 Virgines
255 537 428 575 auferant;
453 542 489 564 ut
502 536 598 574 quod·
613 520 695 561 ASt
723 535 800 576 ego
823 522 975 563 nutrici
999 538 1085 563 non
1108 522 1262 563 mando
1285 531 1405 572 VOtaf,
1440 532 1588 577 negato

85 591 212 619 cumque
239 581 290 610 ille
314 580 394 618 pede
421 579 540 608 triverit
567 578 598 627 ἔῃ,
612 577 774 632 Jupiter
796 580 887 621 haec
910 579 984 631 illi,
1017 579 1208 636 quamvis
1231 590 1269 620 te
1291 579 1423 621 albata
1445 580 1609 635 rogarit.

617 636 758 677 Poscis
779 651 900 692 opem
925 638 1075 690 nervis,
1099 652 1330 693 corpusque
1352 636 1467 679 fidele
1490 646 1666 679 senectae
1686 653 1697 678 ε

928 696 1009 737 Sed
1027 697 1198 752 grandes
1218 695 1385 750 patinae,
1406 705 1624 750 tucetaque
1641 709 1774 736 crassa

85 634 184 653 rosam
218 627 364 654 vertatur.
424 622 496 662 Ego
533 631 601 651 vero

87 667 202 696 nutrici
225 677 282 696 non
306 666 459 695 committo
471 675 600 702 preces,-

86 710 141 739 sed
167 714 216 747 tu,
240 711 260 739 ὁ
283 708 419 747 Jupiter,
447 708 508 737 ista
533 708 600 737 huic
616 694 743 745 Est03
777 710 865 751 age.

1756 581 1814 622 40

85 753 216 790 denega,
250 751 372 782 etiamsi
402 756 432 780 te
465 752 600 780 ‘’raven'‘
614 752 812 792 Annuere
834 752 897 793 his
916 755 1095 808 Superos
1112 762 1273 794 vetuere
1293 768 1302 792 :
1336 753 1570 807 Jovemque
1586 762 1814 795 morantur.

86 795 196 825 induta
219 799 301 825 veste
328 792 413 824 albet.
461 793 599 827 Quodsi

77 840 161 878 petis
185 837 274 867 robur
305 837 405 868 nervis
440 839 462 876 ‹5-
494 847 601 876 corpus

85 881 222 911 validum
261 881 292 910 z'n
328 884 495 916 senectute,
523 866 804 918 fiat‚Arcessis
829 868 942 909 fibrfi.

866 926 906 968 δε
927 926 1119 983 gregibus
1136 926 1304 967 foetum.
1331 926 1447 983 Quo,
1467 925 1658 981 pessime,
1677 934 1815 980 pact0,

843 999 913 1025 um
941 985 984 1025 in
1006 983 1184 1025 flammis
1210 984 1440 1040 juvencum
1469 992 1637 1024 omenta
1659 982 1813 1038 liques-

85 925 159 954 bem}
174 928 229 954 ext.
274 924 319 953 At
337 924 433 962 ampli
447 924 555 961 catini,
579 926 601 962 ‘S'
614 924 682 965 Da
700 939 823 979 pecus

77 967 214 1008 pinguia
241 967 416 1004 sarcimine
438 966 601 1006 prohibent
614 982 697 1023 Tot
720 982 790 1023 tib·
827 956 840 977 ³

84 1011 181 1047 Deos,
204 1013 226 1049 {z
241 1009 348 1040 Jovem
365 1010 524 1040 retardant
541 1010 601 1039 ista
783 999 793 1024 ¹
816 999 837 1024 c

86 1054 258 1083 concedere.

315 1053 369 1083 Tu
407 1053 480 1082 vero
517 1054 604 1091 cupis
791 1043 916 1083 cant?

615 809 719 850 Rem
744 819 895 851 struere
915 821 1099 866 exoptas,
1132 825 1242 852 caeso
1265 810 1396 861 bove3
1430 809 1772 866 Mercuriumque

1004 870 1074 910 Da
1094 869 1302 909 fortunare
1325 868 1514 918 Penates,
1759 870 1812 908 45

85 1107 156 1136 opes
170 1096 376 1134 accumulare,
391 1096 463 1126 hot-e
477 1100 625 1135 mactato,
649 1100 671 1136 ξς
687 1098 766 1127 extis
774 1109 924 1138 provocas
940 1101 1132 1130 Mercurium
1146 1111 1156 1128 :
1193 1101 1314 1138 dicens,
1338 1100 1468 1141 Largire
1484 1098 1816 1136 domumssf'orlunatarit,

85 1141 214 1171 concede
225 1150 349 1180 grege-5⁸,
375 1138 646 1177 &fo'cundit'atem
656 1142 768 1179 pecori.
813 1144 889 1182 Sed,
914 1145 933 1173 ὁ
949 1144 1176 1183 improbissime,
1202 1144 1343 1183 quomodo
1366 1145 1433 1174 haec
1449 1144 1538 1181 fiant,
1562 1143 1632 1172 (lum
1656 1145 1701 1172 tot
1723 1143 1816 1172 intes·

86 1183 368 1222 tinajuvencarum
384 1181 547 1221 liquefiunt
564 1184 582 1212 ἁ
600 1187 630 1212 te
645 1184 677 1213 in
691 1184 774 1225 igne.

86 1325 140 1355 ³3.
176 1327 315 1358 Martial.
341 1327 507 1368 Epigram.
536 1329 590 1359 28.
626 1330 682 1362 lib.
710 1334 742 1362 2.
776 1333 929 1363 Juvenal.

87 1369 155 1399 Sat·
176 1372 227 1401 10.
253 1371 351 1401 Alex.
380 1372 420 1400 ab
438 1372 627 1402 Alexandro
652 1376 705 1405 lib.
726 1378 758 1405 4.
783 1386 854 1415 cap.
881 1377 929 1406 ul-

89 1413 181 1442 timo.
226 1415 323 1444 Porro
347 1423 385 1444 eo
411 1415 613 1453 potissimum
631 1419 730 1458 digito
756 1421 932 1450 utebantur

87 1457 236 1496 piatrices
251 1457 313 1488 illae
328 1457 492 1496 mulieres,
518 1462 593 1497 quia
608 1462 765 1498 quaelibet
781 1463 929 1493 obscoena

87 1503 200 1529 contra
216 1500 376 1531 fascinum
391 1501 495 1531 valere
519 1503 698 1535 credebant.
746 1506 854 1536 Aliam
871 1516 930 1535 nec

86 1542 334 1581 improbabilem
347 1542 485 1574 afferunt
499 1546 653 1576 rationem
666 1549 830 1587 nonnulli,
842 1549 929 1587 quod

87 1585 174 1615 dicta
199 1587 315 1617 mansis
338 1587 440 1626 figura
466 1587 612 1632 designet
628 1591 655 1619 Sc
675 1592 829 1621 exhibeat
846 1593 929 1622 Pria-

89 1637 170 1667 pum
186 1629 437 1661 fascinationum
454 1641 683 1664 averruncum.

127 1672 323 1703 Lustralibus
345 1673 466 1711 salivis]
492 1673 528 1703 In
545 1677 785 1714 expiationibus
809 1679 929 1708 adhibi-

87 1720 154 1745 tam
179 1716 218 1745 ab
235 1717 391 1754 Antiquis
414 1717 545 1747 salivam
570 1723 729 1750 testantur
752 1722 881 1752 Petron.
899 1725 927 1753 <Sc

86 1757 249 1789 Plutarch.
295 1760 390 1789 Hanc
421 1763 536 1790 autem
574 1763 745 1794 salutarem
781 1773 849 1794 esse
885 1768 929 1795 ait

85 1800 169 1831 Plin.
189 1803 242 1832 lib.
258 1802 311 1832 28.
327 1812 396 1841 cap.
411 1804 443 1832 4.
491 1803 636 1835 Observa
650 1806 781 1838 interim
799 1808 929 1838 eosdem

85 1846 188 1884 prope
214 1846 291 1876 ritus
314 1846 332 1875 a
353 1846 512 1876 veteribus
534 1856 704 1888 usurpatos
731 1852 766 1880 in
790 1851 841 1881 die
865 1853 931 1881 lus-

87 1889 164 1918 trico
182 1890 210 1918 &
227 1889 396 1927 nominali,
420 1890 477 1928 qui
498 1890 695 1923 adhibentur
709 1894 744 1924 in
760 1894 928 1934 Baptismo

88 1931 361 1962 Christianorum.

129 1975 182 2003 34.
211 1974 338 2006 Urentes
352 1975 469 2015 oculos]
507 1977 541 2006 Id
557 1984 617 2017 est,
638 1987 822 2019 enecantes,
845 1991 929 2011 rnor-

87 2024 156 2047 1em
182 2018 360 2049 afferentes.
404 2019 492 2049 Vide
519 2020 601 2052 Plin.
639 2022 695 2053 lib.
728 2025 758 2053 7.
793 2034 865 2063 cap.
894 2025 925 2055 2.

88 2061 173 2091 Item
188 2062 398 2101 fascinantes,
423 2071 498 2093 nam
514 2063 673 2095 fascinum
691 2067 835 2097 maxime
848 2077 928 2106 pue-

89 2105 128 2133 ris
145 2105 325 2143 timebant3
352 2107 382 2135 Sc
397 2106 435 2135 ad
456 2106 538 2136 illud
564 2108 781 2140 inhibendum
797 2111 929 2140 salivam

88 2149 187 2178 etiarn
202 2149 308 2178 valere
323 2149 567 2180 arbitrabantur.

131 2192 184 2221 35.
205 2191 329 2230 Quatz't]
345 2191 487 2222 Puerum
502 2193 675 2225 lustratum
691 2196 819 2226 motitat
832 2196 861 2225 ὅτε
879 2205 930 2225 ve-

89 2234 151 2264 luti
165 2235 374 2273 przescntibus
389 2235 460 2265 Diis
472 2236 563 2266 offert
576 2249 581 2266 :
606 2238 722 2268 deinde
734 2246 807 2277 post
821 2240 932 2278 expia-

90 2278 215 2308 tionem
233 2287 342 2317 preces
358 2288 419 2317 pro
435 2289 474 2309 eo
491 2280 519 2309 Sa
537 2286 612 2310 vota
626 2282 778 2321 concipit.

131 2320 222 2360 Spem
238 2321 386 2361 macram]
411 2321 447 2350 Id
464 2328 522 2361 est,
546 2324 719 2364 infantem,
741 2325 782 2354 de
799 2335 866 2365 quo
882 2330 931 2356 te-

88 2364 162 2393 nuis
174 2365 280 2394 adhuc
296 2374 368 2404 spes
383 2375 450 2395 esse
465 2372 580 2405 potest.

90 2406 202 2447 virgil.

174 2450 243 2480 Nec
256 2461 325 2490 spes
329 2451 401 2490 jam
417 2456 512 2481 restat
526 2452 601 2483 Iuli.

131 2493 185 2523 36.
211 2492 334 2533 Licini]
359 2495 412 2525 De
439 2505 506 2534 quo
530 2496 657 2527 Licinio
685 2507 791 2528 sermo
807 2500 845 2529 sit
862 2510 930 2531 non

88 2536 184 2575 plane
215 2543 350 2567 constat.
395 2539 500 2569 Vetus
537 2540 607 2578 ipse
635 2541 731 2571 Persii
768 2542 929 2582 Interpres

89 2579 216 2609 dubitat
242 2581 324 2610 sitne
352 2582 438 2612 idem
467 2583 513 2612 vir
528 2581 674 2614 Licinius
695 2586 825 2616 Crassus
848 2588 931 2617 inter

89 2622 253 2653 Romanos
277 2624 562 2665 locupletissimus,
586 2628 615 2657 δι
638 2628 714 2658 inde
730 2629 829 2659 Dives
853 2640 930 2670 cog-

89 2666 298 2704 nominatu83
323 2677 365 2697 an
381 2668 524 2698 Licinius
541 2673 651 2701 tonsor
668 2673 696 2701 Sc
712 2672 845 2702 libertus
859 2675 929 2704 Au-

89 2709 178 2748 gusti
191 2709 248 2748 qui
273 2709 364 2738 valde
381 2712 558 2749 opulentus
579 2720 655 2745 erat.
700 2715 769 2745 Alii
793 2722 928 2747 conten-

91 2753 176 2782 dunt
197 2752 447 2791 intelligendum
464 2755 569 2793 potius
586 2758 622 2787 C.
641 2758 807 2788 Licinium
824 2759 928 2790 Stolo-

89 2805 182 2833 nem,
206 2795 265 2834 qui
282 2800 319 2824 ut
335 2796 431 2825 habet
448 2798 558 2828 Livius
574 2800 627 2829 lib.
646 2803 676 2831 7.
698 2811 793 2832 num.
809 2802 862 2832 16.
887 2804 929 2833 ob

90 2848 232 2877 possessa
247 2847 325 2868 curn
341 2838 408 2868 filio
421 2841 485 2879 agri
496 2842 610 2881 jugera
628 2845 732 2883 mille,
757 2852 867 2875 contra
884 2848 929 2876 le-

90 2891 166 2920 gem
181 2882 199 2911 a
217 2891 251 2911 se
264 2882 364 2911 latam
380 2883 437 2911 sua
453 2884 524 2922 lege
550 2885 721 2917 damnatus
750 2895 808 2918 est.
859 2889 928 2919 Cae-

91 2925 195 2954 terum
212 2934 273 2954 nec
286 2924 392 2954 hinec
413 2925 456 2953 illi
479 2926 642 2964 opinionis
663 2936 722 2961 aut
737 2931 929 2971 suspicionis

91 2976 156 2996 suae
174 2968 277 2998 ullam
292 2967 460 3006 proferunt
475 2969 612 3000 validam
630 2973 797 3004 rationem.

136 3010 259 3053 Crassi]
275 3011 360 3040 Sunt
374 3012 432 3050 qui
447 3012 570 3052 legant,
587 3012 695 3044 Croesi.
721 3017 796 3055 Sed,
811 3016 927 3056 Crassi,

71 3088 73 3091 Ι
89 3052 155 3082 fere
184 3063 296 3084 omnes
324 3054 484 3094 retinent3
527 3055 782 3097 intelliguntque
808 3061 848 3090 de
879 3061 923 3091 M.

91 3095 204 3126 Crasso
221 3106 319 3136 quem
336 3097 451 3129 crebris
473 3097 645 3130 domorum
660 3102 882 3140 emptionibus
899 3105 928 3133 δε

973 1333 1210 1364 venditionibus
1224 1334 1464 1372 locupletatum
1480 1331 1577 1362 fuisse
1590 1335 1724 1361 testatur
1738 1328 1814 1360 Plu-

974 1378 1104 1407 tarclius
1128 1378 1163 1406 in
1189 1379 1259 1415 ejus
1282 1379 1355 1407 vita.
1403 1377 1499 1407 Porro
1515 1375 1660 1404 Licinius
1677 1375 1705 1403 Sc
1722 1373 1815 1403 Cras-

975 1430 1028 1450 sus
1058 1425 1225 1459 ponuntur
1253 1420 1307 1450 hie
1336 1430 1393 1460 pro
1421 1418 1621 1459 quibuslibet
1646 1416 1813 1456 opulentis

976 1464 1174 1493 hominibusi

1020 1506 1143 1545 Mittit]
1177 1506 1281 1545 Optat
1306 1508 1335 1536 δε
1364 1510 1512 1545 precatur
1539 1504 1657 1534 infanti
1683 1512 1814 1542 magnas

973 1550 1052 1579 olim
1070 1559 1160 1589 opes,
1177 1560 1280 1590 agros,
1296 1550 1420 1587 domos,
1438 1550 1496 1579 dcc.
1522 1549 1549 1577 3.-
1567 1546 1707 1586 optando
1723 1546 1814 1576 velut

973 1593 1010 1622 in
1032 1603 1141 1623 earum
1160 1594 1393 1632 possessionem
1405 1592 1562 1622 immittit.

973 1635 1089 1675 virgil.
1109 1635 1237 1666 [Eneid.
1256 1638 1306 1666 11.
1321 1647 1385 1666 ver.
1401 1638 1454 1665 47.

1059 1679 1201 1709 Mitteret
1213 1680 1243 1708 in
1260 1689 1402 1720 magnum
1414 1678 1587 1718 Imperium.

974 1721 1116 1752 Observa
1142 1725 1239 1753 etiam
1267 1722 1437 1752 Praetorem
1464 1722 1591 1752 mittere
1617 1719 1743 1760 proprie
1776 1719 1811 1750 in

973 1767 1201 1804 possessionem
1220 1767 1261 1796 rei
1278 1766 1425 1804 alicujus.

1017 1809 1069 1838 39.
1093 1809 1219 1839 Nutricz'
1234 1818 1293 1839 ηοη
1311 1808 1434 1847 mando]
1459 1807 1495 1837 Id
1509 1813 1568 1846 est,
1590 1807 1692 1837 nolim
1709 1806 1814 1836 nutri-

973 1860 1045 1881 cem
1073 1852 1104 1881 id
1131 1853 1189 1882 sibi
1207 1854 1350 1883 muneris
1367 1861 1539 1889 assumere,
1564 1856 1601 1880 ut
1627 1861 1684 1889 pro
1711 1859 1814 1888 puero

974 1900 1047 1924 vota
1063 1896 1236 1934 concipiat.
1280 1895 1365 1926 Nam
1382 1900 1530 1934 parentes
1547 1895 1575 1924 &
1600 1893 1740 1923 nutrices
1756 1901 1813 1930 op-

970 1941 1042 1968 tant
1058 1939 1197 1969 alumnis
1212 1939 1318 1978 potius
1334 1948 1407 1978 quae
1421 1938 1573 1967 videntur
1595 1937 1694 1974 bona,
1711 1935 1811 1973 quam

973 1991 1045 2019 qum
1060 1988 1136 2012 sunt
1153 1984 1272 2020 revera,
1284 1992 1315 2012 v.
1331 1992 1362 2021 g.
1379 1982 1529 2017 formam,
1545 1989 1635 2019 opes,
1651 1980 1710 2008 ἃς.
1755 1979 1812 2026 δεῖ

971 2033 1043 2054 nec.
1073 2025 1178 2064 Epist.
1205 2026 1255 2055 60.
1305 2024 1495 2054 Etiamnum
1521 2030 1612 2061 optas
1636 2021 1724 2061 quod
1753 2021 1814 2068 tibi

972 2069 1096 2105 optavit
1122 2070 1246 2098 nutrix.
1294 2068 1334 2097 Et
1348 2068 1451 2106 Epist.
1465 2067 1519 2095 32.
1564 2065 1726 2096 Omnium
1755 2064 1813 2093 tibi

972 2119 1084 2140 eorum
1115 2115 1343 2150 contemptum
1381 2118 1472 2149 opt0,
1512 2118 1653 2149 quorum
1684 2108 1813 2147 copiam

975 2160 1124 2192 parentes
1144 2160 1350 2193 optaverunt.
1804 2194 1811 2199 .

1019 2198 1069 2226 40.
1098 2197 1230 2236 Albata]
1255 2198 1348 2227 Albis
1363 2197 1504 2226 vestibus
1520 2196 1626 2227 induti
1641 2199 1732 2225 erant
1755 2203 1814 2241 qui

975 2240 1202 2279 sacrificabant,
1227 2242 1265 2270 eo
1289 2241 1378 2280 quod
1392 2240 1447 2269 ille
1471 2240 1588 2270 candor
1606 2239 1698 2268 vestis
1712 2246 1814 2267 annm

974 2282 1131 2322 significet
1142 2284 1373 2314 innocentiam.
1418 2282 1508 2313 Tull.
1523 2283 1563 2313 de
1575 2281 1726 2321 Legibus.

1020 2328 1071 2356 41.
1096 2327 1203 2357 Poscis
1229 2336 1314 2366 opem
1338 2326 1454 2365 vervis]
1477 2327 1554 2357 Jarn
1579 2325 1639 2354 alia
1663 2323 1813 2363 quaedarn

975 2368 1115 2400 aliorum
1129 2370 1265 2401 absurda
1280 2375 1354 2399 vota
1367 2370 1564 2399 condemnat
1576 2367 1713 2398 Persius-

1016 2412 1145 2452 Nervis]
1169 2413 1208 2443 ln
1235 2414 1354 2452 quibus
1379 2413 1523 2443 maxime
1549 2411 1695 2441 consistit
1717 2408 1812 2439 robur

972 2457 1121 2494 corporis.

1016 2501 1069 2529 42.
1084 2500 1145 2529 Sed
1156 2499 1291 2540 grandes
1301 2498 1435 2538 patinae]
1452 2499 1653 2537 Sumptuosa
1666 2502 1723 2526 tua
1739 2505 1815 2525 con-

973 2542 1070 2581 vivia,
1107 2553 1184 2573 esca:
1214 2543 1323 2573 nimiae
1354 2542 1495 2582 idipsum
1524 2541 1696 2570 destruunt
1724 2539 1812 2579 quod

976 2590 1041 2615 tarn
1059 2588 1155 2616 enixe
1172 2587 1264 2626 petis.

1021 2628 1151 2668 Tuceta]
1178 2629 1322 2660 Tua-etum
1339 2638 1439 2670 genus
1453 2632 1501 2658 est
1515 2627 1688 2657 farciminis
1702 2625 1720 2654 ὲ
1732 2625 1812 2655 suil-

972 2671 1011 2701 lis
1040 2674 1189 2704 carnibus
1228 2675 1384 2703 minutim
1423 2671 1578 2701 concisis:
1616 2670 1669 2699 alii
1699 2669 1814 2698 dicunt

973 2717 1154 2753 quamlibet
1176 2725 1282 2746 escam
1309 2716 1492 2752 delicatam,
1515 2714 1577 2743 hoc
1595 2712 1730 2743 nomine
1755 2720 1812 2750 ap-

972 2759 1095 2797 pellari.
1803 2797 1810 2804 .

1016 2804 1068 2832 44.
1092 2802 1341 2842 DIercuriumque
1360 2800 1498 2839 arcessis]
1531 2799 1706 2839 Tanquam
1731 2797 1813 2828 lucri

972 2844 1085 2876 deum.
1130 2846 1214 2876 Vide
1228 2847 1331 2877 Plaut.
1349 2845 1512 2883 Amphitr.
1540 2844 1573 2873 in
1590 2842 1736 2881 Prologo.
1787 2883 1794 2890 ¹

1017 2888 1071 2918 46.
1100 2888 1177 2927 Quo,
1202 2890 1345 2928 pessime,
1369 2888 1482 2926 paolo]
1520 2887 1594 2920 Qua
1620 2885 1812 2915 ratione·ws

975 2941 1104 2971 gregem
1121 2938 1217 2962 tumn
1231 2942 1380 2968 crescere,
1406 2940 1507 2968 quem
1522 2928 1746 2968 frequentibus
1760 2936 1812 2956 saa

973 2974 1094 3005 crificiis
1118 2976 1238 3005 temere
1255 2977 1283 3005 δι
1311 2983 1479 3014 perperam
1503 2971 1727 3011 multiplicatis
1742 2978 1811 3000 om·
1836 3014 1841 3019 .

971 3017 1051 3047 nino
1067 3019 1090 3048 is
1102 3019 1314 3048 imminutum
1331 3017 1359 3046 δι
1375 3016 1598 3055 disperditum.

1015 3061 1069 3091 47.
1094 3058 1258 3101 Flammis]
1281 3059 1411 3093 Quibus
1427 3064 1609 3089 cremantur
1624 3056 1775 3104 victimae.

1021 3103 1166 3143 Omerita]
1182 3103 1335 3134 Intestina
1348 3110 1424 3133 sunt
1438 3102 1598 3140 molliora,
1612 3101 1719 3139 inquit
1733 3095 1810 3129 Cel-
