1948 3281
98 71 153 112 26

97 161 161 190 Hic
187 172 247 192 neu
276 162 402 194 iacun-(2
423 165 614 203 supercilium

96 206 236 234 extendit
251 206 374 236 Ιιωηὶιῖἀ
391 209 611 246 linctansule'-

92 248 179 286 gine,
202 259 240 279 ac
259 250 367 291 pingit
394 253 532 281 tremulos
555 254 612 282 eri-

94 343 155 371 opo
179 335 195 363 e
211 336 311 372 2·itro,·
347 339 370 375 ῤ’·
394 337 550 368 relic-ulum
565 340 608 368 in-

95 382 237 408 auratum
253 382 348 418 replet
365 381 464 410 densis
476 382 608 421 capillis,

94 422 219 451 vestitus
264 424 391 452 eaernled
436 425 607 464 chlamyde

92 465 220 494 scutulis
236 466 397 504 distincta,
414 469 463 496 vel
475 467 606 506 galbano

613 74 951 122 JUVENALIS
985 77 1206 124 SATIRA
1235 79 1296 124 ΙΙ.

632 167 708 208 Ille
730 169 994 224 supercilium
1016 170 1182 212 madida
1202 170 1373 228 fuligine
1395 170 1574 215 tinctum

631 225 814 281 Obliqua
837 227 1024 282 producit
1046 243 1121 268 acu
1139 244 1152 279 3
1196 228 1410 285 pingitque
1431 238 1649 272 trementes

91 300 171 330 gens
185 295 294 322 oculos,
338 294 401 324 Iste
425 299 514 332 porat
535 295 609 326 Pri-
628 282 837 324 Attollens
860 284 1002 325 oculos
1023 300 1032 325 :
1076 285 1204 326 vitreo
1228 285 1328 326 bibit
1351 287 1418 327 ille
1441 288 1605 344 Priapo,
1762 290 1814 331 93

630 340 948 396 Reticulumque
971 342 1102 382 comis
1122 354 1309 384 auratum
1331 343 1568 401 ingentibus
1590 346 1733 402 implet

628 396 820 439 Coerulea
844 398 1011 439 indutus
1036 400 1252 450 scutulata,
1275 410 1347 442 aut
1367 402 1537 457 galbana
1559 418 1671 456 rasa3

626 455 678 494 Et
702 469 770 509 per
789 457 1018 507 Junonem,
1038 456 1196 498 domini
1212 458 1376 513 jurante
1399 460 1604 502 ministro.

1794 290 1812 305 p

93 520 188 548 ras0;
222 518 313 553 atque
335 515 457 553 famulo
473 516 605 554 jurante
625 511 698 551 Ille
721 522 831 553 tenet
847 514 1061 567 speculum
1083 514 1238 568 pathici
1257 526 1466 572 gestamen
1488 518 1684 570 Othonis,

86 563 146 592 per
171 556 320 587 ιῙιιηονιωη
347 558 411 587 heri
435 560 495 588 sui.
541 559 604 589 Iste

92 598 174 629 velut
199 601 322 631 exuvias
343 602 466 630 Actoris
486 601 602 631 Aruncz

600 568 790 610 ,Actoris
813 571 975 612 Arunci
999 572 1196 626 spolium,
1229 588 1313 628 quo
1337 588 1378 614 se
1401 573 1466 614 ille
1487 575 1649 617 videbat

1730 578 1815 620 100

87 646 192 680 gestat
213 645 373 682 speculum,
397 645 484 683 quod
495 648 600 681 porta-
619 627 860 679 Armatum,
884 630 983 670 cnm
1000 629 1089 685 jam
1114 630 1200 672 tolli
1222 630 1369 671 vexilla
1384 630 1562 686 juberet.

91 684 143 714 bat
175 686 277 722 Otlw;
303 709 310 716 .
333 709 340 717 .

90 729 255 766 aspiciebat
308 731 399 759 armis
450 730 600 770 indutum,

90 773 211 808 quando
228 773 361 812 jamjam
390 774 484 802 levari
509 774 600 809 signa

372 710 377 715 -
402 697 459 725 quo
487 687 512 716 is
540 697 602 718 sese
620 684 699 724 Res
723 687 989 728 memoranda
1011 687 1129 729 novis
1151 688 1383 739 annalibus,
1407 698 1529 743 atque
1549 691 1702 733 recenti

618 741 824 795 Historia,
851 745 1066 799 speculum
1087 745 1218 786 civilis
1242 746 1396 787 sarcina
1414 745 1525 787 belli.

89 813 267 852 imperabat.
323 817 384 846 Res
418 807 598 848 cegebmffla
617 798 834 842 Nimirum
858 802 1012 843 summi
1037 802 1152 844 ducis
1173 812 1234 844 est
1256 803 1440 844 occidere
1463 804 1657 858 Galbam,

91 860 285 888 monumentis
299 859 467 889 recentibus
480 871 516 890 ac
531 871 607 891 nova
622 863 762 904 historia,
776 869 925 906 speculum
941 867 1042 898 civilis
1055 867 1126 898 belli
1139 869 1271 900 sarcina.

92 900 219 930 Galbam
237 903 414 942 interjicere,

1319 868 1432 908 Nempe
1446 869 1552 911 magni
1567 870 1755 909 imperatoris
1769 875 1814 902 est

131 1013 182 1042 93.
218 1013 277 1042 Ille
289 1015 491 1054 supercilium,
518 1017 592 1056 δερ]
629 1017 770 1051 Quidam
798 1028 840 1049 ex
866 1021 927 1051 illis

89 1056 259 1095 denigrant
273 1060 456 1097 supercilia.-
482 1070 557 1089 narn
581 1062 667 1091 color
691 1063 780 1101 niger
794 1064 827 1093 in
851 1074 928 1094 ocu-

93 1099 129 1127 lis
156 1100 184 1128 ἃ
209 1102 348 1132 crinibus
377 1104 453 1133 olim
478 1103 678 1143 laudabatur,
695 1110 776 1135 teste
791 1106 926 1138 Horatio

92 1142 130 1171 ad
148 1144 291 1173 Pisones.

131 1186 335 1224 Spectandum
353 1190 450 1230 nigris
463 1191 557 1219 oculis
570 1191 716 1231 nigroque
730 1193 852 1230 capillo.

89 1227 278 1269 Xenophon
295 1233 324 1261 in
344 1233 446 1262 Pedia
463 1234 537 1273 Cyri
553 1234 596 1263 ait
611 1234 628 1263 ὲ
646 1236 837 1273 quibusdam
851 1246 927 1267 ocn-

85 1271 190 1302 lorum
207 1275 372 1312 palpebras
396 1277 470 1307 fuco
496 1278 596 1316 pingi,
623 1279 649 1305 δι
663 1278 709 1308 sic
724 1279 870 1309 decorem
891 1282 925 1311 in

88 1323 220 1353 aspectu
257 1319 413 1349 contrahi.
459 1322 490 1350 S.
519 1321 699 1359 Cyprianus
738 1323 775 1351 cle
803 1323 925 1354 Habitu

90 1356 262 1400 Virginztm,
285 1362 464 1393 docuerunt
489 1365 600 1394 oculos
629 1365 849 1395 circumdocto
874 1368 923 1396 ni-

86 1411 174 1440 grore
190 1403 310 1442 fucare,
334 1416 431 1446 genas
448 1408 617 1437 mendacio
633 1408 754 1438 ruboris
777 1409 918 1449 inficere,

86 1446 115 1474 δέ
133 1453 257 1477 mutare
273 1449 458 1479 adulterinis
474 1451 632 1480 coloribus
645 1451 776 1482 crinem.

128 1489 178 1520 94.
209 1491 341 1531 Obliqust
364 1493 448 1531 acu]
480 1495 548 1524 Aca
562 1494 685 1533 crinali,
706 1495 757 1524 vel
778 1496 923 1527 calamis-

85 1537 145 1569 tro,
170 1541 206 1564 ut
221 1536 336 1566 volunt
351 1538 416 1568 alii.

127 1575 325 1618 Pingitque]
351 1582 543 1621 Supercilia,
567 1584 594 1612 δε
626 1583 797 1614 oculorum
826 1586 918 1624 pilos.

84 1618 190 1650 Tanta
206 1628 251 1651 est
267 1623 388 1653 decoris
404 1626 576 1664 affectatio,
600 1632 638 1656 ut
655 1627 819 1666 tingantur
834 1630 922 1660 oculi

88 1671 233 1703 quoqne,
256 1667 362 1706 inquit
378 1669 509 1700 Plinius.

132 1706 303 1738 Trementes
318 1711 462 1742 attollens
489 1713 613 1751 oculos]
651 1712 820 1744 Timentes
853 1716 924 1747 Ledi

85 1748 230 1781 adhibito
244 1752 331 1783 fuco.

127 1794 177 1824 95.
208 1794 307 1825 Vitrea
332 1797 406 1827 bibit
428 1800 480 1829 ille
503 1799 646 1839 Priapm]
684 1800 778 1831 Alius
793 1802 873 1832 bibit
890 1805 922 1834 in

83 1838 207 1875 scypho
223 1840 323 1869 vitreo
337 1842 494 1873 obscoenae.
517 1845 636 1883 figure,
663 1852 753 1873 more
780 1846 921 1884 impudi-

83 1888 191 1910 carum
208 1883 394 1915 mulierum.
428 1887 509 1916 Plin.
540 1889 572 1916 in
600 1887 759 1916 l‘rooemio
782 1888 852 1918 libii
869 1891 921 1920 53.

81 1923 188 1953 Artem
200 1926 322 1965 auxere,
346 1929 467 1968 inquit,
490 1931 630 1960 vitiorum
645 1930 864 1960 irritamenta:
890 1934 922 1962 z'n

76 1968 194 2003 poculis
206 1969 347 2000 libidines
361 1972 572 2011 coe.'areju1=il,
587 1983 625 2001 ac
636 1983 693 2011 per
707 1973 920 2005 obscoenitnlcs

82 2009 190 2040 bibere.
239 2013 278 2042 Et
291 2014 380 2052 alibi,
405 2016 473 2045 rina
489 2027 524 2045 caz-
539 2017 666 2045 libidine
679 2015 874 2047 hauriuntur.

123 2052 265 2093 Priapo]
290 2056 319 2086 Is
339 2057 448 2088 Liberi
471 2061 565 2098 patris
587 2069 623 2088 ac
649 2058 788 2089 Veneris
824 2061 921 2101 filius,

82 2105 181 2133 quem
206 2100 291 2129 velet
316 2100 482 2132 hortorum
500 2103 611 2132 Deum
636 2102 714 2131 olim
736 2103 920 2136 coluerunt.

81 2137 133 2167 De
149 2150 188 2170 eo
204 2143 297 2180 plura
313 2144 416 2173 (licere
432 2152 517 2175 vetat
532 2146 644 2184 pudor.

125 2184 174 2213 96.
213 2185 443 2226 Relicnlutnque
468 2189 584 2227 comis]
630 2188 800 2219 Muliebris
827 2201 920 2221 orna-

82 2233 235 2258 mentum
253 2231 365 2269 capitis
376 2231 518 2270 adhibet,
539 2233 664 2261 reticulo
678 2242 777 2261 aureo
789 2242 918 2266 comam

81 2269 201 2309 colligit
226 2282 261 2302 ac
294 2275 415 2313 religat.
463 2276 582 2305 Plinius
612 2276 666 2305 lib.
697 2277 748 2306 12.
770 2286 841 2315 cap.
867 2280 917 2309 14.

80 2312 122 2339 sic
138 2313 257 2344 habet:
292 2317 427 2348 Persona
453 2318 602 2356 adjicitur
626 2319 733 2358 capiti,
756 2319 918 2351 demutare

81 2355 250 2388 reticulum.

124 2399 176 2429 97.
221 2402 356 2434 Caernlea
387 2404 536 2444 indutum]
574 2406 784 2443 Srrbaud'rtur,
824 2408 918 2437 vesti-

80 2445 191 2471 menta.

123 2484 309 2528 Scutulata]
334 2491 495 2522 Orbiculis
512 2498 631 2523 notata.
678 2492 801 2522 Plinius
817 2492 871 2522 lib.
886 2494 917 2523 8.

79 2536 148 2564 cap.
164 2530 214 2559 43.
241 2533 385 2569 plurimis
411 2537 490 2565 liciis
515 2541 640 2572 texere,
662 2545 734 2574 quae
761 2536 918 2574 polymita

79 2571 256 2611 appellant,
280 2578 477 2608 Alexandria
503 2580 655 2616 instituit,
678 2579 811 2609 scutulis
833 2579 915 2608 divi-

79 2612 163 2651 dere,
188 2615 302 2647 Gallia.

124 2656 289 2698 Galliena]
323 2663 351 2691 A
370 2665 477 2693 colore
494 2665 577 2694 floris
593 2663 746 2702 Galbani,
769 2664 916 2696 Galbana

76 2698 160 2728 dicta
180 2710 257 2732 sunt
276 2706 461 2736 vestimenta
477 2708 644 2737 muliebria
666 2709 814 2748 galbanei
829 2709 916 2738 colo-

76 2742 128 2779 riS,
153 2745 209 2781 qui
233 2747 419 2778 sublucidus
445 2752 473 2779 Sc
500 2751 652 2781 subalbus
677 2758 725 2781 est
748 2761 823 2781 cuin
846 2753 913 2790 pal-

76 2784 152 2815 lore.
198 2787 288 2819 Hinc
313 2790 465 2821 Martialis
488 2793 532 2821 lib
560 2796 589 2822 1.
614 2794 843 2834 Epigram.97.
869 2796 914 2824 ef-

74 2826 283 2861 foeminatnm
311 2842 437 2873 notans,
460 2835 605 2873 galbanos
629 2836 719 2866 habet
734 2847 842 2876 mores,
867 2839 913 2867 in-

75 2872 156 2907 quit.
207 2874 259 2904 De
275 2876 413 2905 Galbmm
436 2878 558 2907 Plinius
584 2880 729 2917 pluribus
759 2881 834 2910 locis
855 2881 914 2910 lib.

76 2915 126 2944 12.
151 2925 219 2954 cap.
240 2919 293 2948 25.
339 2919 405 2949 Dat
421 2920 624 2960 &galbanum
647 2923 747 2961 Syria,
770 2921 786 2952 ὲ
809 2923 913 2953 ferula

74 2958 217 2993 ejusdem
246 2963 400 3001 nominis,
435 2964 543 2992 resina:
572 2964 678 2993 modo.
725 2966 912 3004 Salmasius,

74 3000 196 3039 aliique
211 3003 337 3043 legunt,
361 3006 506 3043 Galbina,
530 3007 563 3035 id
576 3011 634 3043 est,
649 3007 752 3036 viridis
765 3008 889 3038 coloris.

117 3041 231 3083 Rasa]
277 3047 352 3077 Non
383 3049 505 3086 villosa,
540 3050 622 3088 pilos
652 3059 719 3079 non
747 3051 911 3081 habentia.

73 3085 154 3117 Phn.
184 3086 237 3120 lib.
257 3089 286 3120 8.
313 3099 385 3132 cap.
403 3093 457 3124 48.
480 3102 560 3123 mox
574 3093 661 3123 citat.
707 3093 813 3133 Togas
828 3103 912 3126 rasas

972 1021 1049 1052 Divi
1073 1021 1216 1061 Augusti
1241 1021 1417 1052 novissimis
1441 1022 1637 1060 temporibus
1664 1024 1812 1063 coepisse,

976 1065 1088 1095 scribit
1103 1065 1296 1094 Fenestella.

1016 1108 1070 1138 98.
1093 1107 1138 1137 Et
1147 1118 1207 1147 per
1219 1107 1396 1146 Junonem]
1418 1107 1496 1138 Non
1516 1107 1648 1138 domino
1671 1110 1812 1150 tamum,

975 1151 1029 1180 sed
1045 1151 1144 1180 etiam
1158 1151 1305 1180 ministro
1316 1152 1457 1189 jurante,
1483 1152 1540 1181 &a

1014 1192 1077 1223 Per
1099 1193 1247 1223 Junonem
1261 1194 1402 1232 jurant]
1446 1193 1528 1223 Haec
1558 1196 1665 1225 omnia
1693 1197 1811 1228 mulie-

972 1233 1080 1268 briter.
1125 1237 1212 1267 Nam
1227 1238 1300 1267 solae
1317 1238 1470 1267 mulieres
1496 1247 1552 1275 per
1571 1238 1742 1269 Junonem
1755 1242 1808 1277 ju-

972 1280 1107 1318 rabant3
1130 1281 1189 1310 viri
1205 1290 1261 1320 per
1275 1280 1409 1318 Jovem,
1432 1289 1488 1319 per
1503 1280 1692 1312 Herculem.
1721 1283 1809 1313 Vide

966 1318 1050 1353 Plin.
1074 1324 1129 1353 lib.
1157 1323 1188 1353 2.
1215 1333 1285 1362 cap.
1307 1326 1337 1353 7.
1361 1323 1446 1352 Serti
1470 1321 1520 1352 illi
1535 1323 1648 1361 jurant
1667 1328 1810 1363 quomodo

964 1366 1100 1396 solebant
1137 1366 1257 1396 ancilloe
1287 1366 1429 1404 Neronis,
1462 1366 1522 1405 ipsi
1546 1367 1720 1408 adulantes,
1738 1379 1810 1409 -per

963 1405 1113 1439 Junonem
1134 1414 1229 1448 tuam,
1252 1410 1361 1449 inquit
1377 1416 1468 1439 vetus
1482 1409 1589 1439 Schol.

1009 1454 1061 1484 99.
1087 1453 1147 1483 Ille
1161 1451 1245 1482 'tenet
1258 1453 1436 1493 speculum]
1474 1452 1528 1483 Ad
1543 1452 1631 1491 qudd
1643 1463 1676 1483 se
1689 1460 1810 1495 comat,

968 1497 1069 1526 instar
1085 1497 1279 1527 mulierum.

1010 1540 1173 1571 Ges-tamen
1187 1540 1343 1579 Othonis]
1365 1539 1443 1573 Quo
1470 1539 1620 1570 utebatur
1638 1540 1718 1572 Otho
1742 1541 1808 1572 lm-

1549 1583 1658 1621 Tanto,
1687 1585 1809 1625 inquit,

967 1590 1104 1623 perator.
1160 1585 1297 1614 Sueton.
1334 1593 1406 1622 cap.
1437 1583 1490 1614 12.

1602 1631 1657 1656 aue
1687 1627 1809 1659 habitus

970 1627 1100 1658 Othonis
1128 1628 1229 1658 animo
1253 1636 1441 1666 nequaquam
1473 1636 1579 1666 corpus

966 1672 1123 1710 competiit
1167 1692 1176 1701 .
1222 1693 1230 1701 .
1404 1683 1406 1685 ’
1479 1692 1486 1699 .
1534 1693 1540 1699 .
1584 1670 1806 1702 munditiarum

955 1713 1027 1751 fuit
1033 1714 1114 1753 pene
1131 1714 1320 1743 muliebrium
1356 1734 1698 1744 .......
1725 1714 1808 1747 Quin

966 1759 989 1794 §-
1016 1758 1137 1795 faciem
1167 1757 1303 1796 quotidie
1326 1757 1470 1794 rasitare,
1510 1766 1548 1785 ac
1571 1766 1654 1795 pane
1683 1758 1807 1787 madido

965 1801 1058 1830 linere
1088 1805 1272 1839 consuetwn,
1309 1799 1400 1839 idque
1430 1800 1449 1828 ἀ
1461 1799 1564 1839 prima
1592 1799 1748 1841 lanugine,
1770 1811 1807 1831 ne

967 1843 1112 1874 barbatus
1127 1853 1259 1882 unquam
1275 1847 1362 1873 esset.

1010 1888 1084 1917 100.
1109 1887 1234 1916 Actoris
1247 1886 1365 1916 Arunci
1374 1885 1530 1925 spolium]
1554 1884 1679 1915 Ironice
1693 1886 1805 1918 locum

964 1930 1053 1960 hunc
1070 1931 1180 1960 inserit
1196 1939 1238 1960 ex
1254 1928 1390 1959 AEneide
1408 1931 1458 1959 12.
1483 1938 1600 1969 ,sensus
1617 1934 1676 1966 est,
1705 1929 1804 1970 Isque

962 1978 1029 2002 tam
1060 1974 1215 2014 gloriatur
1253 1973 1387 2012 speculo
1416 1973 1455 2001 ab
1483 1972 1619 2002 Othone
1655 1981 1804 2012 accepto,

961 2017 1061 2053 quam
1079 2016 1211 2046 Turnus
1238 2017 1393 2054 praerepta
1406 2015 1518 2045 Actori
1534 2014 1666 2045 Arunco
1678 2016 1804 2056 ingenti

965 2059 1020 2088 sua
1039 2060 1140 2098 hasta,
1165 2059 1253 2098 apud
1266 2058 1456 2098 Virgilium.

1011 2102 1077 2135 Quo
1091 2113 1124 2132 se
1148 2102 1200 2131 ille
1224 2101 1346 2131 videbat
1370 2100 1547 2139 armatum]
1570 2100 1609 2131 In
1623 2111 1688 2138 quo
1703 2111 1736 2130 se
1751 2112 1803 2131 ar-

964 2152 1094 2177 matum
1120 2145 1399 2184 contemplabatur
1428 2153 1596 2183 perperam
1627 2145 1656 2173 Sc
1684 2144 1802 2176 insulse

964 2189 1056 2220 Otho
1071 2189 1250 2219 discrimini
1272 2189 1344 2218 vitae
1368 2197 1436 2218 sese
1458 2198 1538 2218 mox
1561 2187 1744 2224 objecturus
1766 2189 1802 2218 in

962 2242 1086 2272 pugna.

1008 2279 1078 2307 101.
1127 2276 1206 2306 Tolli
1219 2273 1490 2314 vexillajuberet]
1523 2272 1578 2304 Ad
1593 2273 1800 2305 committen-

962 2319 1042 2350 dum
1059 2320 1218 2359 praelium.

1008 2364 1078 2393 102.
1117 2361 1313 2400 Annalibus]
1352 2360 1426 2390 Hoc
1447 2360 1568 2389 habent
1581 2358 1727 2389 Annales
1748 2371 1800 2391 su-

962 2415 1020 2444 pra
1050 2406 1230 2442 historiam,
1254 2404 1342 2443 quod
1375 2413 1430 2442 per
1460 2412 1561 2432 annos
1590 2402 1725 2442 digestas
1751 2413 1798 2435 res

963 2449 1165 2479 contineant.
1210 2447 1296 2477 Gell.
1310 2446 1382 2476 Lib.
1401 2448 1431 2475 5.
1456 2455 1527 2484 cap.
1546 2445 1598 2475 18.

1008 2493 1081 2522 103.
1117 2491 1276 2530 Speculum
1294 2489 1391 2519 civilis
1406 2489 1528 2518 sarcina
1543 2488 1638 2526 belli]
1674 2489 1798 2520 Sarcas-

961 2535 1036 2565 tice.
1092 2534 1166 2573 Res,
1189 2534 1312 2573 inquit,
1337 2541 1443 2562 nova:
1477 2532 1561 2562 inter
1584 2532 1798 2564 instrumenta

959 2578 1036 2608 belli
1063 2578 1152 2609 Otho
1178 2577 1351 2616 speculum
1375 2580 1488 2615 gestat,
1510 2574 1706 2604 muliebriter
1729 2585 1798 2606 sese

961 2630 1120 2651 exornans
1137 2621 1171 2650 in
1190 2621 1266 2659 ipsis
1282 2620 1402 2656 castris,
1423 2618 1554 2657 quando
1569 2627 1644 2647 cum
1661 2618 1798 2649 Vitellio

959 2664 998 2693 de
1011 2665 1149 2704 Imperio
1164 2664 1308 2701 dimicat,
1331 2663 1370 2692 ab
1396 2671 1435 2691 eo
1461 2670 1541 2690 mox
1570 2660 1796 2700 profligandas.

960 2708 1058 2737 Corn.
1074 2707 1180 2737 Tacit.
1206 2705 1275 2735 Nec
1296 2705 1430 2741 deerant,
1453 2703 1573 2743 inquit,
1595 2703 1647 2742 qui
1669 2704 1794 2733 ambiti-

959 2760 1014 2779 one
1028 2748 1140 2779 stolida
1163 2749 1330 2779 luxuriosos
1347 2750 1513 2786 apparatus
1537 2746 1749 2785 conviciorum,
1771 2749 1796 2785 ‹3-

956 2793 1148 2822 irritamenta
1174 2792 1345 2829 libidinum,
1376 2790 1455 2819 sicut
1489 2789 1689 2820 instrumenta
1726 2789 1798 2820 belli

957 2840 1170 2866 mercarentur.

1002 2881 1074 2909 104.
1112 2877 1228 2909 Summi
1252 2876 1361 2915 ducis]
1398 2876 1554 2914 Othonis,
1584 2876 1641 2915 qui
1654 2874 1793 2906 Galbam

956 2923 1086 2961 Imperii
1102 2931 1211 2952 mense
1227 2922 1380 2960 septimo,
1403 2920 1437 2949 in
1454 2920 1564 2949 medio
1581 2918 1665 2948 urbis
1681 2919 1791 2948 Rornae

955 2966 1024 2995 foro
1040 2963 1254 2995 obtruncavit.
1298 2964 1370 3002 Ipse
1384 2963 1458 2992 vero
1473 2962 1566 2991 Otho
1590 2970 1693 2991 manu
1715 2970 1791 2999 pro-

955 3009 1022 3047 pria
1047 3009 1199 3038 occubuit
1220 3006 1307 3045 apud
1323 3006 1518 3040 Brixellum.
1541 3004 1631 3042 clade
1653 3013 1790 3034 suorum

955 3061 1012 3090 per
1027 3051 1222 3081 Vitellianos
1237 3049 1359 3087 audita,
1374 3049 1470 3078 tertio
1484 3048 1584 3088 Regni
1599 3046 1650 3076 sui
1664 3055 1794 3077 mense.

955 3094 1076 3125 Euseb.
1095 3094 1231 3128 Sueton.
1249 3092 1347 3124 Corn.
1360 3092 1439 3124 Tac.
1452 3091 1575 3123 Histor.
1593 3089 1664 3125 Lib.
1681 3089 1713 3121 2.
