1948 3281
645 85 977 132 JUVENALIS
1010 86 1221 142 SATIRA
1251 82 1306 129 V.

1755 87 1809 133 69

738 273 1060 337 SATIRA
1107 273 1185 334 V.

114 422 166 464 81
184 430 220 463 te
233 419 425 477 propositi
441 420 624 462 nondum
640 419 776 476 pudet,
791 429 910 474 atque
924 417 1060 460 eadem
1075 426 1134 459 est
1147 431 1278 468 mens,

113 479 175 520 Ut
193 479 296 520 bona
317 492 477 520 summa
498 487 629 532 putes,
660 477 789 518 alien-51
808 477 935 517 vivere
957 476 1137 531 quadra5

112 536 155 577 Si
174 544 285 589 potes
306 536 371 576 illa
392 534 488 589 pati,
520 550 612 590 quae
634 549 707 575 nec
725 536 957 575 Sarmentus
980 532 1138 587 iniquas

111 590 284 633 Caesaris
306 593 353 633 ad
376 606 551 642 mensas,
586 606 660 631 nec
683 588 770 631 vilis
794 590 925 631 Galba
948 589 1118 640 tulisset,

107 648 307 705 Quamvis
323 649 457 704 jurato
478 657 656 689 metuam
678 646 749 687 tibi
772 647 926 687 credere
948 646 1053 687 testi.

788 704 883 743 Hoc
906 712 1041 744 tamen
1059 700 1193 756 ipsum

105 761 314 803 Defecisse
337 772 446 816 puta,
478 761 585 816 quod
608 759 717 801 inani
740 759 886 800 sufficit
907 760 1010 801 alvo.

108 706 261 747 Ventre
281 707 381 746 nihil
406 705 498 747 novi
521 704 727 759 frugalius,

1359 415 1730 448 INTERPRETATIO.

1337 474 1371 504 Si
1387 484 1443 504 non
1455 473 1553 503 adhuc
1561 475 1672 512 pudori
1683 479 1726 504 est
1743 475 1798 504 tibi

1294 518 1465 547 institutam
1491 523 1598 555 tuum,
1636 519 1658 555 ις’
1682 519 1798 548 animus

1296 561 1370 590 idem
1383 564 1510 598 constat,
1534 564 1567 588 ut
1581 559 1731 589 existimes
1745 571 1794 590 su-

1290 612 1424 641 premam
1439 602 1707 639 essefelicitatem‚
1720 602 1798 632 vesci

1253 645 1276 684 5
1295 646 1418 675 aliorum
1437 644 1571 684 patimh
1603 645 1629 674 si
1655 645 1737 674 cales
1760 655 1796 675 etz

1297 688 1435 725 tolerare,
1458 698 1521 727 quoe
1547 697 1600 717 nec
1625 688 1797 718 Sarmentus

1295 731 1336 759 ad
1348 731 1507 770 injuriosas
1524 730 1651 759 Coexaris
1666 740 1797 769 mensas,

1293 781 1387 811 neque
1401 773 1539 803 sordidus
1556 772 1655 802 Galba
1671 773 1794 802 toleras·-

105 817 233 858 Nulla
247 818 406 873 crepido
424 819 557 859 vacat?
602 818 820 872 Nusquam
838 831 954 870 pons,
983 815 1173 871 &tegetis
1189 828 1276 870 pars
1293 820 1338 844 Set
1350 827 1362 851 ;
1386 817 1502 845 veres‘Or
1519 815 1673 851 tibifidem
1689 815 1705 844 ἢ
1719 816 1795 845 :bere

41 913 47 918 .
102 874 287 916 Dimidia
307 875 488 915 brevior?
523 874 676 915 tantine
699 873 842 928 injuria
864 888 994 914 coenae
1014 874 1025 913 ?

104 931 207 972 Tam
225 931 364 987 jejuna
384 931 510 972 fames
530 949 541 981 ;
574 932 669 971 curn
694 929 821 984 possis
843 929 1052 971 honestius
1069 928 1148 970 illic

1291 857 1362 887 licet
1380 858 1564 896 testzficanti,
1588 858 1615 887 &
1631 858 1796 896 jusjuran-

1293 901 1360 930 dum
1397 900 1562 930 adhibenti.
1620 901 1687 940 Ego
1719 900 1795 930 nihil

1227 930 1276 969 10
1291 945 1416 982 comperi
1432 943 1499 972 alvo
1510 944 1642 981 parcius.
1673 944 1793 973 Verum-

103 991 201 1018 tamen
225 988 302 1019 illud
321 990 397 1019 idem
418 990 530 1019 oestima
552 990 659 1026 deesse,
681 989 760 1027 quod
786 998 878 1017 vacuo
906 988 1004 1017 ventri
1025 989 1101 1017 satis
1114 991 1180 1016 est:
1203 997 1244 1017 an
1270 988 1336 1024 ripa
1361 985 1447 1016 nulla
1471 987 1564 1015 otiosa
1578 990 1622 1015 est
1636 985 1650 1014 .⁷
1677 985 1794 1015 Nutlz'bi

98 1039 189 1069 pons,
213 1041 250 1061 ac
270 1033 435 1072 tegumenti
448 1033 549 1071 portio
562 1032 658 1061 medici
675 1032 768 1062 minor
780 1030 795 1060 .'‘
818 1041 859 1060 αιι
875 1031 956 1060 tanti
971 1038 1017 1061 est
1031 1029 1210 1061 contumelia
1224 1028 1374 1059 convivii?
1397 1037 1437 1059 an
1453 1029 1562 1059 esuries
1576 1029 1651 1059 adeo
1662 1028 1790 1067 fameli-

101 1082 139 1103 ca
149 1073 164 1103 .²
191 1073 436 1114 Quandoquidem
451 1074 554 1107 valeas
565 1075 606 1104 ibi

754 1152 1122 1190 ANNOTA'TIONES.

141 1225 171 1254 1.
193 1223 227 1254 Si
241 1229 270 1254 te
278 1225 439 1264 propositi]
474 1224 658 1264 Alloquitur
681 1223 836 1254 Trebium
866 1234 920 1262 pa-

98 1267 242 1305 rasitum,
265 1278 364 1307 quem
380 1273 517 1298 averteze
533 1272 664 1297 conatur
687 1267 704 1295 ὲ
727 1266 848 1296 sordida
864 1276 921 1297 sua

99 1311 226 1340 vivendi
242 1312 372 1341 ratione.

140 1353 176 1382 Si
190 1357 220 1382 te
228 1352 390 1393 propositi]
403 1353 522 1383 Contra
534 1352 667 1382 Codices
680 1361 791 1382 omnes
807 1361 919 1382 manu-

98 1397 228 1435 scriptos
255 1398 282 1426 δε
311 1405 456 1434 excusos,
484 1403 519 1425 ut
541 1394 658 1425 fatetur
673 1394 751 1434 ipse,
774 1394 920 1426 Lubinus

96 1438 188 1477 legit,
210 1439 261 1468 Sic
275 1443 304 1468 te
312 1439 471 1477 propositi,
495 1440 542 1468 &c
576 1438 606 1467 id
623 1444 680 1475 est,
703 1438 831 1475 Siccine,
862 1439 919 1470 dcc.

98 1490 175 1510 cum
191 1481 436 1521 interrogatione
452 1483 480 1511 δε
501 1480 739 1520 indignatione:
764 1480 848 1518 alias,
872 1481 919 1510 in-

98 1523 171 1562 quit
183 1525 276 1554 nulla
290 1525 492 1561 cohaerentia,
508 1524 596 1553 nulla
607 1523 774 1553 commoda
789 1529 915 1553 senten-

94 1567 152 1596 tia.
194 1567 430 1596 Verumtamen
457 1567 511 1596 hic
533 1567 645 1596 saltem
676 1567 710 1596 in
736 1575 794 1594 suo
821 1575 917 1596 sensu

97 1608 239 1640 abundat
269 1610 314 1639 vir
346 1615 460 1640 caetera
495 1610 607 1639 doctus
640 1610 669 1638 ὅ(
705 1607 795 1638 valde
828 1608 917 1648 inge-

97 1660 195 1681 uuus.

139 1695 169 1723 2.
198 1692 338 1731 Quadra]
363 1694 477 1724 Alieno
492 1694 608 1729 catino,
631 1694 768 1723 aliorum
782 1696 918 1733 sumpti-

97 1735 157 1765 bus
173 1746 208 1766 ac
224 1736 343 1767 mensa.
387 1736 567 1767 Vasculum
588 1736 711 1765 modice
726 1746 916 1775 concavum,

97 1787 194 1818 super
209 1789 275 1818 quo
291 1780 353 1809 cibi
367 1780 507 1809 convivis
522 1787 743 1818 apponuntur,
756 1779 806 1807 vel
822 1779 917 1808 etiam

95 1821 300 1859 dissecantur,
324 1822 453 1860 quando
469 1827 517 1851 est
531 1822 637 1860 figurae
655 1820 827 1859 quadratae,
843 1830 919 1857 qua-

95 1864 164 1901 dra,
189 1865 214 1893 si
229 1865 384 1902 rotundae,
407 1865 488 1894 orbis
501 1865 603 1893 vocari
619 1863 760 1893 solitum.
803 1862 917 1901 Virgil.

98 1905 224 1937 AEneid.
238 1909 267 1937 7.

291 1972 298 1979 .
343 1948 464 1978 Patalis
480 1959 531 1978 nec
537 1958 664 1987 parcere
678 1947 809 1986 quadris.

1006 1226 1035 1254 5.
1058 1224 1184 1263 Jurato]
1206 1225 1311 1254 Plaut.
1329 1223 1491 1262 Amphitr.
1506 1222 1601 1253 Scen.
1619 1224 1649 1253 1.
1666 1223 1738 1254 Act.
1756 1225 1784 1255 1.

1048 1267 1186 1306 Injurato
1194 1267 1266 1305 plus
1278 1267 1375 1297 credet
1390 1266 1472 1303 mihi,
1488 1265 1691 1303 quam-iurato
1705 1266 1770 1296 tibi.

963 1309 1092 1339 Tullius
1118 1311 1187 1339 Att.
1212 1310 1266 1340 lib.
1291 1311 1339 1339 13.
1366 1309 1464 1348 Epist.
1482 1309 1533 1337 28.
1577 1309 1688 1338 Jurato
1716 1309 1789 1338 mihi

963 1354 1059 1382 crede.
1106 1353 1239 1382 Prooem.
1265 1352 1337 1382 Act.
1362 1354 1390 1381 1.
1422 1353 1455 1380 in
1469 1351 1557 1380 Verr.
1603 1350 1785 1390 Necjurato

963 1396 1062 1424 malim
1077 1397 1166 1434 qudm
1182 1396 1316 1434 injurato
1333 1394 1525 1431 committere,
1550 1395 1606 1423 dcc.

1008 1437 1148 1471 Quamvis
1164 1438 1272 1476 jurato
1300 1441 1428 1466 metuam
1458 1436 1514 1465 tibi
1551 1437 1667 1465 credere
1699 1436 1785 1475 testi]

963 1479 1038 1511 Non
1051 1482 1108 1510 tibi
1121 1481 1247 1511 credam
1264 1481 1359 1510 etiam
1373 1480 1504 1517 juranti,
1522 1488 1585 1507 non
1602 1479 1697 1508 videri
1713 1488 1784 1508 mo-

961 1522 1078 1553 lestum
1094 1524 1177 1554 istud
1192 1524 1319 1553 vivendi
1342 1523 1536 1558 institutum,
1563 1522 1596 1551 in
1619 1530 1685 1559 quo
1706 1526 1753 1550 tot
1768 1522 1785 1551 a

961 1564 1111 1596 divitibus
1125 1567 1328 1596 contumeliae
1343 1565 1478 1603 parasitis
1488 1571 1563 1593 sunt
1575 1563 1722 1594 ferendae.

1004 1609 1034 1639 6.
1064 1609 1170 1639 Venire
1186 1608 1261 1638 nihil
1276 1606 1524 1647 norifiugalius]
1547 1605 1706 1636 Nimirum
1719 1608 1785 1636 scio

962 1657 1107 1682 naturam
1123 1661 1217 1691 parvo
1244 1661 1308 1682 esse
1333 1656 1536 1681 contentam:
1562 1658 1621 1677 nec
1639 1659 1785 1679 voracem

961 1703 1026 1723 esse
1066 1701 1222 1732 ventrem,
1257 1694 1311 1724 sed
1353 1693 1472 1733 gulam.
1518 1691 1629 1721 Horat.
1667 1692 1724 1721 lib.
1754 1694 1781 1721 1.

962 1736 1025 1766 Sat.
1044 1739 1074 1767 2.

1043 1780 1136 1809 Dives
1148 1780 1212 1819 opis
1226 1783 1340 1809 παίω-ιε
1353 1789 1412 1809 suae
1422 1789 1436 1813 ,·
1457 1777 1484 1806 si
1497 1780 1529 1806 tu
1546 1776 1629 1806 modo
1644 1775 1725 1805 recte

1004 1821 1186 1860 Dispensare
1196 1823 1282 1860 velis,
1307 1823 1364 1851 dcc.

961 1863 1045 1893 Vide
1062 1866 1174 1894 Senec.
1190 1865 1291 1902 Epist.
1307 1863 1430 1893 Natura
1443 1863 1562 1891 minimo
1575 1871 1628 1890 nos
1641 1870 1702 1890 esse
1715 1870 1782 1890 con-

963 1909 1062 1935 tentos
1081 1908 1184 1946 jubet,
1208 1908 1324 1945 inquit,
1347 1906 1427 1935 Item
1447 1905 1539 1934 alibi:
1586 1903 1705 1932 Summa
1731 1913 1785 1931 vo-

962 1949 1063 1986 luptas
1073 1955 1117 1978 est
1132 1951 1172 1979 ad
1185 1950 1217 1979 id
1227 1960 1289 1978 sese
1304 1948 1465 1985 reduxisse,
1481 1947 1559 1985 quod
1573 1946 1686 1983 eripere
1701 1946 1784 1975 nulla

98 1971 192 2021 Item.
212 1972 327 2029 quadra
355 1997 402 2021 est
432 1992 567 2022 frustum
613 1992 714 2030 panis,
755 1991 921 2029 placentae,
951 1990 1093 2027 fortune
1108 1993 1252 2030 iniquitas
1260 1992 1366 2030 possit.

96 2035 192 2071 casei,
214 2035 299 2072 apud
316 2035 509 2065 Martialem.
555 2035 602 2064 At
624 2032 817 2073 praeferenda
837 2035 920 2072 prior

99 2075 322 2115 interpretatio.

139 2119 168 2148 8.
196 2118 382 2156 Sarmentus]
409 2118 440 2148 Is
462 2120 524 2149 fuit
553 2120 715 2149 Romanus
743 2118 864 2157 Eques,
890 2121 918 2149 ἂν

99 2169 203 2190 scurra
216 2161 354 2190 famosus
371 2168 513 2200 ternpore
534 2162 673 2200 Augusti
690 2161 828 2190 caesaris.
874 2162 916 2191 Il-

96 2203 166 2232 lum
193 2203 288 2241 probe
316 2204 457 2243 exagitat
481 2204 630 2233 Horatius
655 2204 709 2233 lib.
740 2205 767 2232 1.
794 2204 859 2232 Sat.
886 2206 916 2234 5.

98 2246 167 2282 ejus
183 2247 330 2276 meminit
345 2247 371 2275 Sc
386 2246 572 2276 Plutarchus
584 2247 618 2275 in
631 2245 787 2283 Antonio,
801 2245 917 2276 Caesar-

98 2287 189 2325 isque
202 2288 326 2318 delicias
345 2298 420 2318 eum
436 2290 586 2328 appellat.

140 2329 280 2369 Iniquus]
295 2331 410 2369 Duras,
429 2341 547 2371 graves,
561 2331 600 2360 ob
614 2329 743 2366 injurias
759 2330 787 2358 (Sc
802 2330 915 2368 probra

98 2381 173 2411 quae
190 2373 300 2403 scurris
316 2374 359 2403 ibi
372 2374 557 2404 devoranda.

138 2417 168 2444 4.
196 2416 338 2454 Caesaris]
363 2416 413 2445 Ne
435 2416 566 2455 quidem
589 2415 627 2443 ad
648 2423 791 2444 mensam
805 2416 915 2454 Impe-

96 2457 217 2495 ratoris,
242 2459 363 2488 nedum
378 2459 412 2488 in
438 2459 559 2498 privata
574 2457 670 2487 domo
685 2466 720 2486 ac
734 2466 855 2495 mensa,
879 2464 916 2488 ut

94 2504 143 2537 tu,
166 2500 273 2530 Trebi.

140 2540 255 2583 Galba]
277 2543 448 2583 Nonnulli,
473 2543 578 2573 Gabba
592 2543 728 2581 legunt3
751 2542 916 2579 perperam

95 2588 218 2622 tamen,
241 2591 277 2614 ut
294 2585 417 2616 videtur
429 2587 557 2625 Apitius
574 2585 684 2621 Galba,
700 2594 804 2614 scurra
820 2585 915 2622 insig-

96 2627 157 2663 nis,
181 2636 248 2656 aevo
261 2627 391 2666 Tiberii,
415 2637 451 2658 ut
466 2630 507 2659 ait
524 2636 614 2658 vetus
632 2627 738 2657 Schol.
756 2627 805 2655 vel
820 2627 916 2664 ipsius

94 2668 251 2707 Augusti,
287 2675 324 2699 ut
353 2672 493 2701 scribunt
518 2672 582 2701 alii.
638 2670 778 2699 Martial.
801 2669 856 2699 lib.
890 2672 917 2700 1.

95 2708 293 2750 Epigramm.
308 2712 360 2742 42.

184 2753 244 2785 Qui
261 2754 388 2785 Galbam
400 2756 513 2786 salibus
528 2758 600 2792 tuis,
617 2759 638 2794 ‹3-
654 2756 747 2794 ipsum

179 2794 286 2824 Posses
301 2797 418 2828 vincere
431 2799 563 2828 Sextium
580 2798 750 2829 Cuballum.

95 2836 139 2868 Et
153 2838 209 2868 lib.
228 2838 278 2867 10.
301 2839 462 2879 Epigram.
482 2843 550 2871 101.

178 2880 283 2919 Elysio
299 2882 402 2911 redeat
415 2884 442 2912 si
445 2884 534 2920 sbrie
546 2884 681 2914 remissus
695 2882 733 2912 ab
746 2889 832 2920 agra,

264 2923 326 2953 Ille
339 2925 478 2962 suojelix
493 2925 608 2956 Caesare
627 2926 722 2955 Galba
738 2927 833 2953 vetus·

183 2963 244 2998 Qui
272 2966 479 3004 Capitolinum
500 2970 629 3008 pariter,
659 2968 846 3005 Galbamque
864 2967 918 3008 jo-

263 3013 367 3038 cantes

222 3050 377 3094 Audierit,
391 3053 490 3085 dicet.-
513 3053 639 3086 Rustice
656 3053 846 3087 Galbatace.

1006 2036 1034 2064 7.
1058 2035 1125 2064 Hoc
1139 2039 1236 2063 tamen
1252 2035 1347 2073 ipsum
1361 2032 1505 2070 defecisse
1516 2035 1607 2070 puta,
1618 2029 1683 2067 ἐξα]
1716 2029 1782 2059 Ve-

963 2076 1033 2106 rum
1046 2083 1129 2106 esto:
1154 2077 1255 2106 desint
1279 2077 1378 2106 ventri
1399 2075 1581 2112 necessaria,
1603 2080 1700 2111 atque
1717 2082 1785 2111 par·

963 2127 1039 2148 vum
1058 2120 1135 2150 illud
1151 2120 1235 2160 quod
1251 2120 1280 2148 ei
1294 2118 1417 2148 sufficit.

1005 2162 1034 2190 8.
1073 2163 1170 2192 Nulla
1195 2162 1311 2202 crepido
1337 2164 1439 2199 vacat,
1469 2159 1533 2198 [Se]
1568 2158 1624 2188 An
1652 2157 1784 2187 idoneus

960 2203 1172 2235 mendicando
1200 2206 1286 2234 locus
1313 2204 1421 2234 nullus
1444 2211 1561 2232 vacuus
1585 2208 1642 2237 est,
1664 2209 1720 2229 seu
1743 2199 1783 2229 ad

961 2246 1060 2284 ripam
1078 2247 1181 2286 fluvii,
1196 2257 1252 2277 seu
1264 2247 1303 2276 ad
1317 2253 1461 2285 pontem,
1476 2254 1532 2274 seu
1549 2243 1586 2273 ad
1598 2244 1681 2271 viam
1700 2242 1782 2279 pub-

959 2288 1052 2319 licam
1067 2300 1075 2327 3
1099 2291 1134 2320 in
1148 2300 1245 2329 quem
1262 2297 1293 2319 te
1309 2290 1445 2327 recipere
1460 2296 1556 2326 queas
1569 2285 1606 2314 ad
1618 2293 1782 2323 corrogan-

960 2331 1034 2361 dam
1050 2333 1166 2370 stipem
1183 2333 1200 2361 a
1226 2331 1489 2370 praetereuntibus
1503 2342 1508 2357 ι
1533 2327 1618 2366 quod
1640 2326 1714 2355 sane
1729 2332 1780 2358 tor-

957 2373 1251 2415 lerabilius‚,quam
1279 2374 1398 2403 allienis
1432 2373 1553 2401 inhiare
1581 2369 1727 2407 dapibus,
1751 2370 1781 2398 ὃς

959 2416 1105 2448 miseram
1121 2418 1244 2457 parasiti
1259 2417 1355 2445 vitam
1371 2414 1482 2455 agere?
1609 2450 1615 2456 .

1005 2459 1133 2499 C'repz'do
1159 2483 1165 2489 .
1187 2481 1195 2490 .
1225 2458 1339 2498 .pons]
1362 2457 1550 2493 Prooeucha,
1568 2464 1638 2484 casa
1650 2453 1689 2482 ad
1704 2463 1781 2492 pon-

960 2506 1026 2531 tem
1042 2508 1098 2532 aut
1112 2502 1246 2531 flumen.
1293 2501 1375 2529 Vide
1391 2500 1454 2528 Sat.
1469 2500 1499 2527 3.
1523 2508 1552 2526 v.
1566 2497 1638 2527 296.
1667 2497 1694 2525 &
1710 2497 1777 2526 Sat.

960 2546 991 2573 4.
1014 2555 1043 2574 v.
1062 2546 1132 2574 116.
1160 2546 1187 2574 ὅ(
1214 2554 1278 2581 seq.
1326 2543 1419 2571 Porro
1443 2540 1561 2578 crepido
1588 2539 1702 2568 dicitur
1729 2548 1783 2569 ora

959 2594 1058 2625 terroe,
1074 2587 1113 2616 ad
1130 2597 1227 2625 quam
1243 2585 1365 2615 alluens
1390 2585 1417 2612 <Sc
1439 2582 1569 2612 allidens
1584 2591 1668 2620 aqua
1683 2581 1782 2621 crepi-

963 2634 1019 2665 tat.
1063 2629 1140 2659 Vet.
1154 2629 1263 2659 Schol.

1008 2670 1222 2712 Tegetz'spcrrs]
1246 2671 1316 2700 Pars
1330 2669 1381 2697 vel
1395 2667 1576 2706 proseuchae
1595 2667 1645 2696 vel
1662 2666 1785 2706 tegetis,

962 2719 1084 2752 storeas,
1098 2720 1217 2750 mattae‚
1233 2714 1280 2741 &c
1307 2711 1423 2749 quibus
1440 2709 1651 2749 utplurimum
1666 2713 1783 2747 tegunt

962 2765 995 2785 se
1011 2766 1165 2795 pauperes
1180 2758 1208 2784 &
1224 2753 1372 2783 mendici.

1004 2800 1033 2829 9.
1065 2799 1192 2828 Tantine
1218 2796 1334 2835 injuria
1364 2794 1467 2833 coenoe]
1489 2795 1628 2824 Tantine
1657 2801 1786 2823 coenam

961 2842 1095 2871 aestimas
1111 2841 1144 2869 in
1161 2849 1224 2878 qua
1239 2839 1352 2868 toleras
1367 2843 1415 2867 tot
1431 2837 1540 2875 probra
1553 2837 1563 2866 ?

1006 2885 1054 2913 10,
1083 2883 1154 2912 Tam
1171 2882 1283 2920 jejuna
1297 2879 1416 2918 fames]
1449 2879 1575 2909 Tamne
1588 2878 1692 2914 avida,
1716 2877 1785 2908 tam

960 2926 1027 2956 dira
1042 2934 1072 2956 te
1101 2930 1194 2964 urget
1218 2924 1328 2960 fames,
1350 2929 1387 2953 ut
1411 2922 1567 2960 quidlibet
1591 2922 1656 2961 pati
1680 2920 1786 2958 malis,

962 2969 1060 3008 quam
1074 2977 1154 2997 earn.

1007 3010 1081 3040 C'zim
1103 3010 1202 3049 possis
1228 3009 1380 3039 honestius
1407 3007 1485 3045 illic,
1515 3006 1581 3044 ξα]
1616 3004 1790 3044 Corrigunt

962 3054 1076 3094 aliqui,
1085 3053 1209 3093 pamm
1230 3053 1269 3083 eo
1285 3052 1384 3092 quod,
1401 3049 1512 3091 ροεεὶε,
1540 3049 1687 3082 ultimam
1710 3056 1782 3087 pro-
