1948 3281
103 79 188 120 304

691 66 879 121 PER‘su
912 78 1131 121 SATIRA
1162 80 1242 122 lv.

100 169 265 208 delitescit,
281 168 363 208 quod
384 177 444 198 ⁷²⁰²2
459 167 619 198 0⁰⁷1v⁶²2idff
631 168 768 218 Putre,
792 169 903 224 quod
926 169 1036 210 haud
1058 169 1198 211 deceat
1220 169 1378 225 plebeia
1398 171 1531 213 radere
1551 170 1661 214 beta.

89 214 214 251 fricare
230 213 299 242 beta
318 211 454 252 vulgari.
500 211 621 251 Friges,

101 257 223 296 quando
242 266 341 295 pat-or
358 255 500 294 pallidus
518 254 619 283 erexit

99 301 252 338 spicarum
267 300 357 329 velut
381 298 501 328 «culeos
517 298 551 327 in
567 285 755 326 ar-Nunc
777 283 865 324 face
888 283 1102 338 supposita
1121 285 1308 326 fervescit
1329 287 1511 342 sanguis,
1537 288 1577 328 Sc
1591 287 1652 329 ira

358 341 455 371 Modo
491 340 868 381 sanguisgcjnffllant
888 341 1014 382 oculi.

102 344 193 373 tubus
230 344 301 372 tuis.

101 385 211 416 ebullit
226 387 299 427 igne
313 385 461 421 adhibito,
492 385 514 421 ιδ’
537 383 618 411 oculi

101 439 165 468 prae
180 428 340 459 iracundi&
353 428 508 458 scintillas
531 426 616 454 emit-

629 226 772 282 Alges,
796 227 896 266 cum
918 226 1100 267 excussit
1118 227 1313 270 membris
1331 228 1456 270 timor
1475 230 1591 271 albus
1607 228 1764 280 aristas,

1744 285 1824 327 116

1075 342 1280 399 Dieisque
1302 343 1485 408 facisque
1508 345 1618 401 quod
1643 345 1730 400 ipse

628 399 730 439 Non
754 398 840 439 sani
863 413 950 440 esse
973 399 1173 452 hominis,
1197 416 1282 444 non
1308 415 1432 442 sanus
1447 411 1557 456 juret
1579 403 1763 444 Orestes.

100 477 181 502 tant.
228 473 382 511 Denique
395 473 417 508 a}
435 469 577 509 loqueris,
590 470 612 505 ᾅ·
626 467 696 506 agis
708 467 789 506 quod
800 466 865 506 ipse
879 466 1011 508 Orestes,
1025 470 1083 499 etsi
1099 479 1158 500 non
1172 480 1292 509 compos
1307 471 1426 510 mentis,
1442 471 1646 510 jurejurando
1661 470 1830 510 affirmaret

101 526 160 545 non
174 517 278 545 decere
290 516 387 545 virum
402 514 510 543 mentis
522 513 697 550 compotem.

147 636 219 665 114.
248 633 340 671 Beta]
366 632 472 662 Herba
497 631 619 661 nullius
639 628 758 668 saporis
781 630 809 658 <Sc
839 631 945 669 pretii,

101 689 202 718 quam
217 677 381 715 fabrorum
400 675 566 714 prandium
588 680 683 704 vocat
705 671 873 711 Martialis,
889 674 944 704 lib.

101 724 153 753 13.
170 722 332 760 Epigram.
353 721 402 748 13.

146 767 218 794 115.
241 763 352 803 Alges]
376 762 441 791 Prae
458 762 587 798 timore,
599 761 703 790 calore
719 760 810 791 omni
821 770 889 790 sese
903 761 942 790 ad

98 809 253 838 intimum
270 816 323 836 cor
341 806 516 844 recipiente
533 815 542 842 3
565 809 653 833 totus
666 803 816 844 frigescis,
831 806 858 834 δε
875 805 940 842 pal-

100 853 159 887 les,
174 851 367 889 quanquam
383 849 482 887 paulo
494 847 570 877 ante
585 847 723 886 dixeras,
737 847 942 888 nansi-Egerit.

143 893 291 924 Excussit
307 894 396 921 timor
409 892 496 921 albus
510 891 636 929 aristas]
660 891 762 931 Erigit
777 891 835 921 tibi
850 892 943 930 pilos,

100 948 136 968 ac
160 938 249 967 velut
273 937 395 975 spicas3
431 935 547 974 rigidos
571 935 648 964 facit
670 935 768 964 timor
790 934 942 973 frigidus:

100 981 178 1020 quia
189 980 286 1020 frigus
300 980 459 1017 constipat¹
476 980 505 1006 Sc
521 978 647 1016 stringit
661 987 770 1016 poros,
786 979 855 1017 pori
870 979 944 1007 vero

98 1024 273 1062 constipati
285 1023 510 1061 constringunt
525 1022 668 1059 capillos.
693 1021 826 1051 Aristot.
842 1021 944 1060 probl.

100 1073 177 1097 sect.
194 1067 224 1096 S.
240 1077 272 1105 q.
291 1067 341 1096 18.

141 1110 253 1148 Albus]
277 1109 364 1142 Quia
380 1108 550 1138 recedente
570 1107 687 1146 calore,
711 1108 822 1138 vultus
844 1107 945 1147 pallet

102 1155 130 1184 ἃ
148 1154 281 1183 albescit
298 1154 331 1182 in
349 1153 384 1182 iis
401 1152 459 1191 qui
471 1153 600 1181 timent.

148 1198 219 1226 116.
242 1193 602 1234 IWmcfaceschpositd]
637 1194 739 1233 Alias,
763 1195 838 1225 data
853 1204 943 1225 occa-

102 1241 205 1278 sione,
230 1241 321 1269 velut
349 1238 517 1277 supposita
541 1237 623 1275 face,
644 1238 687 1267 ira
711 1238 941 1268 inflammaris:

105 1285 133 1312 ἃ
149 1284 288 1320 dixeras,
304 1281 364 1311 Nil
379 1281 461 1311 calet
476 1280 537 1311 hic.
584 1281 628 1311 Et
643 1282 779 1319 quidem
795 1282 856 1312 hac
880 1282 947 1321 ipsa

105 1327 180 1356 mea
196 1326 445 1366 reprehensione
464 1325 623 1355 excitatus
643 1325 713 1362 jam
729 1326 948 1363 excandescis,

106 1371 135 1399 ἅ*
160 1371 249 1400 ardes
269 1369 437 1399 adversum
466 1379 531 1407 me,
561 1369 737 1406 cujuslibet
761 1368 947 1400 offensionis

106 1414 290 1452 impatiens.

149 1456 303 1486 Fen-escit
319 1455 462 1498 sangnis]
486 1454 545 1485 Est
560 1455 606 1484 ira
621 1456 784 1496 sanguinis
801 1456 949 1486 ebullitio

106 1511 188 1531 eirca
204 1510 268 1530 cor.

154 1546 225 1575 117.
247 1543 427 1574 Scintillam
450 1541 546 1581 oculi]
579 1541 647 1573 Cie.
667 1542 757 1572 Verr.
774 1545 804 1573 7.
849 1543 951 1573 Arde-

990 631 1063 660 bant
1078 632 1170 671 oculi,
1183 634 1206 671 ξς
1222 643 1258 663 ex
1271 636 1334 663 toto
1348 643 1471 672 corpore
1487 632 1655 663 crudelitas
1667 634 1827 666 emicabat.

989 676 1115 706 Arnob.
1130 677 1184 706 lib.
1204 679 1232 706 1.
1278 676 1330 706 Ex
1355 676 1478 706 illorum
1502 677 1664 706 luminibus
1685 678 1830 708 scintilloe

988 718 1132 758 emicant,
1146 721 1282 755 flamma:
1298 724 1439 758 aestuant,
1459 719 1600 750 anhelam
1617 725 1727 758 pectus
1741 723 1829 762 spiri-

988 764 1051 790 tum
1060 764 1149 801 Jacet
1163 773 1201 792 ex
1216 774 1278 802 ore,
1294 765 1353 793 ὣς.

1030 806 1340 846 Dicisquefadsque,
1355 805 1421 845 effic]
1435 806 1519 847 Ergo
1534 812 1566 836 te
1579 817 1675 837 nosce
1687 809 1830 847 tandem,

987 849 1079 887 sique
1095 856 1126 879 te
1142 851 1298 880 hactenus
1322 850 1489 890 ignorasti,
1505 851 1727 889 contemplare
1748 857 1781 882 te
1796 853 1830 882 in

988 893 1122 931 speculo
1138 894 1229 923 velut
1245 893 1461 932 quadruplici,
1483 894 1517 923 in
1532 903 1598 932 quo
1615 901 1648 923 te
1663 894 1703 923 ad
1718 895 1831 925 vivum

987 935 1132 974 depinxi.
1171 937 1257 966 Vide
1273 944 1304 966 te
1317 938 1351 966 in
1367 937 1470 975 prima
1484 936 1564 966 facie
1579 943 1689 974 praeter
1704 939 1731 966 ἅ·
1749 939 1832 968 ultra

987 979 1124 1009 modum
1139 980 1329 1010 exilientem
1345 989 1403 1019 spe
1418 980 1497 1009 lucri
1510 981 1537 1009 Sc
1555 980 1709 1010 luxuriae:
1735 981 1770 1010 in
1783 992 1830 1012 se-

988 1023 1106 1061 cunda,
1131 1023 1303 1061 cujuslibet
1328 1023 1528 1052 incommodi
1543 1024 1782 1062 impatientem,
1801 1027 1830 1055 ὃς

988 1065 1131 1096 lautioris
1147 1067 1249 1096 victus
1266 1066 1406 1096 nimium
1423 1072 1634 1105 appetentem
1648 1079 1654 1095 :
1679 1068 1714 1097 in
1728 1069 1833 1105 tertia,

987 1109 1118 1148 laxum,
1134 1111 1291 1147 solutum,
1308 1109 1460 1139 timidum
1474 1115 1572 1148 atque
1585 1110 1763 1149 hydropico
1779 1121 1834 1149 pe-

985 1152 1039 1190 jus
1053 1154 1232 1192 pallentem
1246 1166 1252 1182 :
1281 1154 1315 1183 in
1331 1158 1445 1192 quarta
1460 1152 1615 1192 denique,
1638 1153 1830 1185 iracundum

990 1205 1095 1235 usque
1110 1197 1148 1226 ad
1164 1197 1320 1235 furorem,
1336 1197 1411 1235 quia
1428 1202 1459 1225 te
1473 1197 1577 1236 pungi
1590 1196 1608 1225 a
1622 1206 1676 1227 me
1691 1198 1720 1226 ἃ
1737 1199 1833 1227 corri-

990 1240 1022 1278 pi
1038 1241 1138 1270 sentis
1152 1252 1159 1270 :
1186 1241 1216 1270 &
1233 1241 1291 1279 qui
1307 1240 1405 1270 modo
1419 1249 1543 1278 aqueus
1558 1249 1637 1278 eras,
1656 1241 1725 1277 jam
1742 1241 1833 1280 igne—

992 1293 1063 1321 um,
1071 1285 1099 1312 &
1110 1283 1315 1314 febricitante
1325 1283 1532 1322 periculosius
1543 1282 1718 1313 ardentem.
1736 1283 1835 1316 Quod

991 1327 1018 1356 si
1044 1328 1151 1356 renuis
1177 1328 1292 1364 sanari,
1319 1333 1357 1356 ut
1380 1336 1463 1366 aeger
1484 1325 1698 1364 supradictus,
1722 1328 1750 1355 δι
1779 1336 1835 1357 me

991 1370 1092 1400 animi
1109 1370 1277 1400 Medicum
1294 1370 1438 1409 repellis,
1450 1370 1553 1399 dicam
1570 1378 1630 1408 ego
1646 1370 1716 1407 tibi,
1727 1379 1834 1410 perge,

991 1414 1084 1452 peri;
1109 1413 1226 1453 tacebo,
1244 1413 1374 1443 discedo.
1421 1412 1537 1451 Supra,
1552 1421 1644 1441 versu
1661 1412 1714 1443 97.

1039 1457 1113 1486 118.
1133 1455 1269 1494 Orestes]
1286 1456 1544 1496 Agamemnonis
1560 1456 1588 1484 δε
1601 1455 1833 1486 Clitemnestrae

994 1499 1078 1529 filius
1093 1499 1133 1528 ob
1150 1500 1351 1530 interfectam
1362 1505 1500 1530 matrem
1516 1498 1618 1529 Furiis
1633 1499 1782 1539 agitatus,
1796 1499 1837 1528 de

996 1552 1063 1581 quo
1078 1543 1224 1583 Euripid.
1242 1545 1268 1573 ὅ(
1286 1543 1350 1573 alii.

732 1802 1064 1867 SATIRA
1111 1807 1225 1868 IV.

187 1952 566 1987 {NTERPRETATML

156 2009 344 2041 ERGONE
367 2021 414 2039 *res
439 2008 547 2048 populi
576 2010 631 2038 acl-

113 2054 270 2084 ministras
282 2053 296 2082 ?
350 2053 530 2091 (Emistima
569 2052 630 2082 isla

112 2098 170 2127 tibi
185 2097 267 2136 loqui
276 2100 493 2135 praeceptorem
519 2095 627 2124 barba-

111 2146 189 2180 !anz,
202 2150 288 2179 quem
304 2140 449 2176 interficit
466 2149 561 2170 saevas
576 2138 703 2169 haustas
716 2137 856 2175 cicutae.)

648 1950 777 1994 REM
814 1952 956 2018 populi

988 1954 1166 1996 tractas?
1211 1951 1452 2007 (Barbatum
1484 1951 1574 1993 haec
1606 1952 1723 1994 crede
1754 1966 1840 1995 ma-

877 2021 1053 2068 gistrum

643 2067 809 2119 Dicere,
836 2069 1006 2110 sorbitio
1031 2069 1138 2111 tollit
1158 2083 1284 2125 quem
1307 2066 1393 2109 dira
1414 2066 1599 2121 cicutae.)

796 2223 892 2254 ANN
898 2224 1172 2256 OTATIONES.

159 2295 187 2323 1.
211 2292 288 2322 Rem
299 2292 408 2331 populi
428 2291 561 2330 tractas]
597 2290 675 2322 Jam
698 2290 801 2321 Satira
815 2290 959 2321 secunda

115 2336 238 2366 Persius
254 2337 398 2366 imitatus
423 2344 488 2365 erat
516 2335 680 2365 Platonem
698 2335 733 2364 in
749 2334 889 2373 Dialogo
906 2335 958 2364 cui

113 2381 240 2417 titulus,
265 2378 442 2409 Alcibiades
457 2379 626 2409 Secundus.
674 2378 710 2407 In
733 2377 794 2407 hac
816 2379 890 2407 vero
906 2379 960 2408 Sa-

114 2423 172 2451 tira
189 2430 302 2462 quarta
317 2423 421 2452 rursus
434 2423 579 2459 ejusdem
593 2421 797 2452 Alcibiadem
814 2420 961 2452 Primum

113 2466 269 2504 imitatur,
286 2466 429 2504 indeque
445 2466 612 2495 materiam
637 2474 770 2494 omnem
792 2474 829 2494 ac
853 2464 962 2494 Perso-

117 2518 174 2538 nas
185 2510 330 2547 assumit,
345 2516 382 2539 ut
395 2509 530 2548 Neroni,
544 2518 643 2547 quem
654 2508 839 2545 insectatur,
851 2507 961 2538 lateat.

115 2551 182 2580 Hic
198 2553 308 2591 itaque
325 2561 381 2591 per
397 2553 603 2582 Alcibiadem
618 2551 704 2582 Nero
717 2551 961 2590 intelligendus,

116 2604 174 2633 per
191 2595 354 2625 Socratem
372 2595 507 2635 Persius,
524 2596 583 2635 qui
594 2596 755 2634 juvenum
771 2594 960 2633 Rempubli-

113 2647 187 2668 cam
212 2638 295 2667 male
315 2640 555 2677 capessentium
580 2639 740 2679 redarguit
762 2638 961 2677 imperitiam

115 2691 152 2711 ac
168 2686 396 2711 temeritatem.

157 2724 328 2754 Barbatum
339 2725 546 2764 lllagz‘slram]
565 2728 727 2756 Socratem
740 2725 907 2764 nimirum,
925 2732 962 2755 ut

114 2770 253 2808 probant
268 2767 431 2805 adjuncta.
480 2769 652 2799 Barbatum
675 2773 790 2806 vacat3
817 2769 868 2798 vel
885 2769 961 2808 quia

114 2813 249 2843 barbam
265 2810 382 2848 alebat,
404 2813 682 2849 quemadmodum
699 2814 727 2842 ἅ*
744 2812 797 2842 alii
817 2813 855 2841 iis
878 2817 961 2842 tem-

115 2856 248 2895 poribus
265 2854 471 2892 Philosophi:
496 2856 558 2893 vel,
575 2858 614 2886 eo
638 2856 739 2896 quod,
765 2862 803 2885 ut
827 2861 961 2885 testatur

113 2898 246 2929 Tullius
263 2899 294 2927 4.
311 2898 350 2927 de
368 2897 515 2934 Finibus,
540 2899 627 2936 apud
652 2900 818 2929 Romanos
832 2900 962 2938 antiqui

116 2942 288 2981 Sapientes
322 2941 450 2971 honoris
478 2941 573 2970 causa
604 2943 724 2972 barbati
754 2942 961 2972 vocabantur.

116 2986 160 3015 Et
176 2986 257 3015 Plin.
275 2985 309 3015 in
325 2984 460 3024 Epistol.
507 2983 625 3022 Barba,
643 2986 764 3023 inquit,
786 2987 916 3024 sylvam,
939 2987 963 3023 {5-

110 3028 221 3065 pulcre
251 3028 345 3066 alita,
371 3027 522 3066 quami-is
539 3037 586 3057 res
611 3029 678 3067 ipsa
707 3029 748 3057 εἰτ’
776 3028 911 3057 exterior
938 3031 963 3067 ‹3-

103 3071 260 3109 fortuita,
270 3072 350 3101 inter
365 3070 492 3100 hominis
506 3071 622 3101 eruditi
632 3071 767 3111 insignia
780 3075 963 3102 recensetur.

114 3115 298 3145 Athenaeus
326 3115 381 3145 lib.
408 3115 459 3145 13.
480 3115 524 3146 ait
547 3113 730 3147 Alexandri
754 3114 883 3145 tantum
906 3124 961 3144 sae-

1003 2293 1078 2322 culo
1115 2292 1244 2322 barbam
1278 2290 1407 2320 radendi
1439 2291 1606 2320 invectum
1640 2299 1776 2328 morem,
1809 2300 1845 2320 ac

1003 2336 1145 2366 derasam
1166 2335 1296 2364 barbam
1319 2334 1466 2374 flagitiosi
1487 2334 1629 2364 hominis
1653 2338 1765 2363 notam
1788 2342 1845 2363 ex-

1003 2386 1115 2409 titisse.

1048 2418 1256 2462 Illagistmm]
1291 2421 1358 2450 Seu
1387 2419 1463 2459 quia
1487 2419 1550 2451 fuit
1573 2419 1716 2450 Socrates
1739 2418 1845 2449 Paeda-

1006 2476 1106 2505 gogus
1123 2464 1317 2495 Alcibiadis:
1341 2464 1408 2493 sive
1424 2463 1525 2501 quod,
1553 2466 1592 2492 ut
1611 2462 1710 2492 habet
1733 2461 1847 2492 Cicero

1003 2511 1036 2539 2.
1053 2510 1093 2539 de
1108 2508 1245 2539 Finibus
1268 2517 1302 2537 n.
1320 2508 1349 2537 1.
1392 2506 1532 2535 Socrates
1558 2504 1763 2543 Philosophia?
1785 2515 1845 2544 pa-

1003 2552 1156 2590 rensjztre
1173 2551 1234 2580 (1ὶεὶ
1243 2554 1357 2591 potest.
1381 2551 1414 2579 2.
1429 2549 1469 2579 de
1489 2549 1613 2579 Natura
1634 2548 1790 2586 Deorum,
1813 2559 1848 2578 n.

1008 2596 1080 2626 167.
1126 2593 1274 2634 Princeps
1288 2597 1334 2623 est
1357 2591 1620 2631 Philosophorum.
1666 2591 1848 2621 Tusculan.

1007 2638 1186 2670 Quaestion.
1200 2640 1230 2668 8.
1246 2647 1338 2668 num.
1356 2637 1386 2667 8.
1431 2635 1459 2665 Α
1476 2635 1602 2665 Socrate
1613 2634 1709 2663 omnis
1723 2644 1789 2674 qnoe
1804 2637 1850 2663 est

1006 2683 1042 2711 de
1056 2682 1122 2712 vila
1138 2683 1160 2720 (ξς
1172 2681 1208 2711 de
1221 2680 1354 2711 moribus
1363 2677 1559 2718 Philosophia
1575 2679 1723 2707 manavit.
1766 2677 1850 2707 Tus-

1005 2726 1068 2755 cul.
1086 2727 1116 2755 5.
1130 2735 1223 2755 num.
1240 2726 1292 2755 10.
1338 2723 1461 2752 Primus
1482 2723 1533 2751 ille
1548 2719 1777 2759 Philosophiam
1794 2721 1850 2750 cle-

1004 2769 1122 2798 vocarit
1138 2768 1154 2796 ἑ
1173 2768 1274 2807 Coelo,
1287 2769 1310 2806 is·
1325 2767 1357 2796 in
1371 2766 1493 2795 urbibus
1507 2764 1680 2802 collocavit,
1704 2765 1727 2801 ξς
1748 2764 1781 2793 in
1797 2764 1850 2793 do-

1004 2822 1067 2841 mos
1082 2812 1273 2842 introcluaeit:
1298 2812 1321 2848 ᾅς
1335 2809 1437 2849 coegit
1457 2809 1493 2838 (le
1509 2809 1574 2838 vita
1597 2810 1620 2846 t}-
1642 2807 1786 2845 moribus,
1804 2816 1851 2836 re-

1005 2856 1116 2894 busque
1131 2855 1216 2884 bonis
1231 2857 1254 2893 ἐς
1269 2853 1360 2883 malis
1375 2862 1513 2890 qnoerere.

1047 2900 1077 2928 2.
1094 2898 1224 2927 Sorlsz'tio
1235 2896 1356 2935 cicutae]
1370 2896 1450 2925 Plin.
1466 2896 1521 2925 lib.
1535 2896 1586 2924 14.
1597 2905 1624 2924 c,
1636 2895 1666 2924 5.
1691 2893 1790 2931 Sicut,
1801 2892 1851 2922 in-

1006 2943 1091 2980 quit,
1103 2942 1204 2971 cicula
1218 2941 1331 2971 homini
1342 2948 1487 2968 venenum
1499 2942 1556 2975 est,
1568 2938 1612 2968 sic
1622 2937 1726 2967 sicutte
1737 2936 1852 2966 vinum.

1005 2986 1049 3015 Et
1064 2986 1120 3016 lib.
1135 2986 1186 3015 25.
1205 2986 1309 3023 capite
1326 2982 1454 3012 ultimo.
1504 2981 1615 3010 Cicuta
1628 2988 1774 3010 venenum
1791 2982 1851 3015 est,

1000 3029 1131 3066 publica
1150 3026 1380 3057 Atheniensium
1398 3035 1492 3064 poena
1508 3024 1617 3061 invisa,
1635 3025 1694 3053 δίο.
1741 3021 1852 3058 Hujus

1007 3081 1142 3101 succum
1157 3071 1311 3100 lethalem
1325 3069 1365 3099 ab
1381 3069 1508 3108 ingratis
1525 3068 1784 3105 civibusjussum
1797 3065 1852 3093 So-

1005 3120 1125 3145 cratem
1145 3114 1290 3152 ebibisse,
1308 3112 1397 3144 testis
1413 3116 1461 3141 est
1475 3111 1567 3142 Plato
1583 3119 1658 3140 cum
1676 3107 1807 3138 caeteris.
