1948 3281
89 98 174 140 286

679 96 867 140 PERSII
899 96 1118 140 SATIRA
1148 96 1210 138 ΙΙ.

96 200 154 230 we
183 199 364 229 intumescit.
407 196 522 230 Nerius
550 184 712 229 tresBile
733 193 881 227 tumet.
940 184 1071 227 Nerio
1095 184 1182 240 jam
1205 182 1321 224 tertia
1341 181 1505 225 ducitur
1527 194 1643 223 uxor.

1768 178 1818 221 14

87 244 158 283 jam
173 242 278 272 habuit
295 242 452 283 conjuges.
496 243 611 281 Atque
625 243 733 283 Haec
756 241 896 284 sancte
919 251 966 283 ut
988 255 1147 297 poscas,
1175 239 1370 283 Tiberino
1393 240 1434 282 in
1456 239 1617 296 gurgite
1639 235 1791 292 mergis

96 290 132 316 ut
149 286 227 316 talia
252 285 311 314 rite
330 290 435 325 petas,
459 285 610 315 matutino

98 334 229 369 tempore
244 328 351 358 iterzlm
369 331 390 367 ᾅ-
407 330 497 358 tertio
519 334 611 367 caput

99 374 185 403 lavas
211 374 241 402 in
263 372 392 407 flumine
426 371 550 406 Tiberi‚·
588 373 610 409 ιξς

98 420 246 446 nocturna
261 415 406 445 insomnia
422 414 610 453 aqudflnvi-

98 460 145 490 ali
156 459 272 497 expias.
311 457 398 488 Heus
413 458 474 496 dic,
490 467 609 495 τῑψοη-

99 513 165 533 sum
179 504 238 530 da.-
262 511 319 530 non
346 504 390 530 est
412 510 554 540 magnum
582 501 612 529 id

100 546 182 585 quod
197 545 213 573 ὲ
230 550 261 573 tc
277 545 391 574 discere
401 544 499 581 cup-³0.
533 543 615 576 Quid

99 590 255 618 existimas
267 588 303 616 de
316 587 392 617 Jove
406 585 419 614 2
455 586 555 615 Estne
568 593 612 616 ta-

100 633 151 670 lis,
164 635 198 660 ut
212 631 294 658 illum
306 629 452 668 preferre
468 629 542 658 selis
556 630 613 659 ali·
627 644 667 686 O

99 674 171 706 cui?
181 673 279 702 Eceuz'
288 673 302 702 ,ἓ
318 673 368 702 Vis
379 681 418 702 ne
429 681 615 710 praeponere
630 687 666 700 Ν

101 718 188 748 Staio
203 717 215 745 ‚9

797 413 911 454 boro.

798 586 943 637 haeres,

624 300 753 340 Mane
774 310 898 353 caput
921 298 982 340 bis
1005 308 1161 354 terque,
1189 297 1229 340 Sc
1249 305 1416 338 noctem
1439 298 1611 338 flumine
1634 308 1800 350 purgas.

626 357 742 397 Heus
763 370 852 411 age,
877 355 1103 411 responde:
1138 354 1365 397 minimum
1395 364 1457 396 est
1486 355 1597 410 quod
1629 351 1730 394 scire
1758 351 1819 392 la·

625 471 691 512 De
707 470 811 511 Jove
829 471 929 526 quid
949 470 1073 513 sentis
1092 472 1106 512 ?
1139 472 1284 521 Estne,
1307 478 1352 510 ut
1376 483 1610 524 praepouere
1633 481 1748 508 cures

627 529 757 569 Hunc
779 527 1005 584 cuiquam?
1043 527 1226 570 Cuinain
1245 530 1258 569 ?
1309 526 1386 569 Vis
1404 526 1544 568 Staio?
1575 525 1647 567 An
1664 524 1821 566 scilicet

1773 582 1822 623 19

673 642 734 683 uis
772 643 905 698 potior
929 644 1077 700 judex,
1111 643 1296 698 puerisve
1332 640 1425 699 quis
1459 639 1588 696 aptior
1621 638 1758 682 orbis?

278 715 437 753 Numquid
473 716 614 745 ηεηιῑνιὶηι
630 702 726 742 Hoc
751 700 888 756 igitur,
921 717 1006 757 quo
1029 711 1072 742 tu
1094 701 1210 743 Jovis
1233 715 1371 741 aurem
1395 698 1601 754 impellere
1623 706 1771 747 tentas,

98 760 233 796 dubitas,
257 764 325 787 uter
340 760 443 788 melior
449 758 564 798 judex,
580 758 628 789 vel
641 763 709 789 uter
722 760 761 790 sit
776 760 876 802 magis
890 760 1016 791 idoneus
1024 760 1132 800 pueris
1147 761 1226 791 orbis
1237 760 1250 790 .⁷
1274 758 1361 790 Illud
1375 768 1459 800 ergo,
1483 767 1541 797 quo
1558 760 1591 786 tu
1604 755 1825 786 conaris-,Iovis

97 803 265 834 auriculam
279 811 471 840 commovere,

101 974 244 1007 cuntur3
272 975 428 1006 quorum,
451 964 523 996 data
550 964 712 1002 missione,
746 975 868 996 nomen
897 974 939 996 ex

100 1014 173 1043 albo
188 1012 327 1048 deletur,
353 1009 441 1048 quod
459 1009 586 1047 punctis
608 1009 798 1047 inscriptum
825 1009 943 1039 fuerat.

101 1056 142 1086 In
157 1055 243 1086 bello
268 1055 342 1084 vero
363 1058 417 1091 (ut
441 1052 488 1081 ait
501 1057 593 1082 vetus
618 1052 776 1090 Interpres
798 1051 870 1086 hic)
888 1063 942 1081 ca-

101 1100 194 1128 dente
231 1097 283 1136 qui
314 1096 432 1135 primus
468 1099 528 1134 est,
565 1096 812 1124 succenturiatur
847 1095 940 1126 alius.

103 1142 224 1172 Sensus
240 1140 332 1180 porro
348 1145 415 1169 est:
442 1139 568 1168 utinam
595 1138 689 1167 illum
717 1148 802 1169 mors
829 1139 944 1177 rapiat,

101 1186 198 1223 cujus
213 1183 377 1214 haereditas
400 1182 482 1212 mihi
498 1181 685 1220 continget3
710 1181 774 1219 vel,
797 1181 943 1211 deleatur

103 1230 121 1259 ὲ
138 1233 333 1259 testamento
349 1234 472 1257 nomen
493 1224 562 1262 ejus
589 1224 642 1254 cui
668 1224 829 1254 secundus
843 1225 945 1254 haeres

104 1271 252 1302 succedo.

147 1313 291 1352 Namque
314 1316 359 1342 est
384 1309 550 1349 scabiosus]
573 1310 685 1350 Impiis
707 1310 789 1340 votis
805 1319 942 1341 excusa-

106 1358 231 1388 tionem
250 1354 422 1395 praetendit
437 1363 580 1392 nequam
597 1354 651 1384 ille
670 1354 738 1383 vitae
766 1354 876 1384 alienae
893 1356 944 1384 in-

104 1401 253 1431 sidiator:
291 1398 424 1437 nempe,
460 1398 646 1437 contagioso
683 1398 826 1427 laborans
865 1407 944 1436 puer

106 1444 220 1476 morbo
234 1452 291 1473 cur
306 1440 412 1472 vivat?
436 1439 496 1470 Vel
511 1441 599 1479 apud
622 1450 656 1470 se
667 1439 854 1477 meditatus,
878 1441 944 1479 qua

107 1487 158 1518 via
184 1486 320 1526 impune
345 1490 515 1523 expungat
542 1483 721 1523 pupillum,
757 1485 786 1513 ὅ(
818 1493 943 1514 veneno

108 1530 222 1561 tollere
248 1529 328 1559 forte
358 1527 445 1567 apud
474 1537 507 1557 se
533 1534 689 1564 statuens,
712 1531 818 1565 sperat
844 1536 942 1557 suum

108 1574 213 1604 scelus
239 1571 406 1603 occultum
430 1569 509 1606 fore,
534 1569 622 1609 quod
649 1569 703 1599 ille
726 1570 766 1599 sit
790 1569 874 1600 male
899 1571 943 1600 af-

107 1616 193 1647 fecta
207 1614 415 1651 valetudine3
437 1613 554 1651 plenus
576 1613 695 1651 nempe
710 1613 815 1642 scabie
831 1615 858 1643 Sc
875 1614 944 1643 atra

109 1660 180 1698 bili,
194 1668 266 1698 quae
284 1658 464 1687 multorum
488 1656 673 1685 morborum
698 1662 858 1685 causaest.
905 1656 943 1686 ln

109 1713 178 1743 quo
194 1702 291 1731 etiam
308 1709 342 1730 se
368 1706 478 1729 tuetur
504 1699 658 1737 exemplo
675 1698 773 1734 Nerii,
799 1700 856 1738 qui
882 1706 942 1730 tres

109 1755 227 1776 uxores
243 1752 371 1774 veneno
387 1742 523 1781 impune
539 1742 680 1780 sustulit,
693 1741 722 1773 δι
739 1743 782 1772 sic
798 1742 943 1782 locuples

107 1789 212 1819 factus
228 1793 283 1818 est.

153 1832 198 1862 Ee
215 1831 282 1861 acri
297 1830 354 1860 hile
371 1829 481 1868 tumet]
505 1828 720 1859 contendunt
743 1829 845 1868 aliqui
862 1840 945 1860 mor-

108 1875 197 1906 dicus
222 1873 411 1914 legendum,
435 1871 507 1901 atra
534 1871 593 1901 bile
618 1876 725 1909 tumet,
748 1878 858 1903 contra
881 1873 944 1903 Ca-

108 1919 304 1949 sanbonum.
329 1919 373 1947 At
388 1915 466 1955 quid
479 1920 566 1945 vetat
578 1916 679 1955 ipsam
695 1915 947 1947 melancholiam

108 1962 211 1992 bilem
228 1970 334 1991 acrem
350 1959 516 1997 appellari.

157 2006 209 2034 14.
233 2003 344 2041 Nerio]
367 2003 395 2032 Is
418 2003 483 2033 fuit
506 2001 636 2041 insignis
661 2001 845 2039 foenerator,
869 2002 949 2032 lucri

109 2048 192 2080 adeo
209 2047 331 2087 perdite
347 2044 497 2084 cupidus,
522 2049 559 2075 ut
575 2046 671 2075 etiam
687 2052 748 2074 tres
766 2054 882 2074 uxores
896 2055 947 2075 ve-

111 2102 200 2122 neno
231 2089 408 2126 sustulerit,
435 2094 483 2119 ,ut
522 2098 634 2117 earum
671 2087 747 2118 dote
781 2088 944 2126 potiretur.

111 2136 240 2166 Scilicet
268 2132 354 2172 apud
383 2136 504 2161 veteres
532 2131 588 2160 dos
617 2131 794 2161 adventitia
824 2131 852 2160 ἀ
883 2141 948 2161 non

112 2178 186 2208 data
202 2177 306 2217 patrio
322 2176 467 2211 nomine,
490 2174 516 2203 si
539 2174 711 2212 repudium
728 2183 794 2204 non
811 2174 948 2204 interve·

111 2223 225 2257 nisset,
259 2218 418 2249 moriente
451 2217 602 2256 conjuge,
639 2216 753 2246 marito
790 2217 947 2255 cedebat3

111 2265 180 2295 imo
207 2264 236 2293 &
261 2262 318 2292 dos
333 2269 466 2300 quoque
488 2259 676 2298 profectitia,
697 2269 754 2288 seu
769 2258 787 2288 ὲ
804 2265 893 2299 patre
909 2260 949 2290 de

112 2307 206 2338 bonis
223 2304 356 2345 propriis
371 2304 559 2341 constituta,
581 2304 607 2332 si
623 2302 720 2332 modo
736 2309 824 2341 pater
835 2312 947 2343 super-

111 2356 175 2380 stes
192 2358 259 2380 non
273 2347 364 2378 foret.
408 2346 543 2385 Ulpian.
558 2346 608 2375 tit.
631 2345 662 2375 6.
685 2345 726 2375 de
743 2344 821 2375 Dot.
837 2356 948 2377 sensus

114 2400 161 2424 est
176 2405 183 2422 :
209 2401 299 2430 ecce,
322 2390 430 2430 inquit
444 2398 556 2419 avarus
582 2398 654 2419 mea
671 2398 753 2420 uxor
768 2389 948 2420 etiamnum

112 2437 203 2473 vivit,
226 2435 301 2465 cum
319 2432 434 2463 Nerius
461 2432 477 2462 ὲ
504 2432 603 2462 tribus
631 2432 787 2462 uxoribus
816 2434 950 2463 mortuis

115 2485 176 2509 tres
189 2479 279 2509 dotes
293 2482 407 2508 nactus
423 2476 511 2507 dives
527 2476 660 2506 evaserit
674 2474 830 2506 Horatius
846 2476 900 2507 lib.
920 2477 951 2506 2.

112 2522 181 2552 Sat.
194 2523 226 2552 3.

315 2562 420 2595 Scribe
435 2562 535 2592 decem
550 2561 658 2593 Nerio.

158 2606 308 2647 Ducitur]
343 2607 410 2638 Alii
436 2607 566 2646 legunt,
588 2605 742 2646 conditur,
765 2606 797 2637 id
819 2612 878 2647 est,
901 2617 953 2638 se-

117 2650 251 2692 pelitur.

163 2695 211 2724 15.
252 2692 330 2722 Haec
345 2693 450 2723 sanct&
465 2697 499 2722 ut
510 2693 636 2732 poscas]
669 2693 784 2733 Atque
799 2693 819 2722 h
826 2703 868 2723 xc
883 2693 956 2724 lieet

115 2737 217 2776 impia
242 2736 301 2766 tibi
326 2735 437 2765 videris
465 2737 521 2766 rite
548 2737 721 2775 petiturus,
745 2737 895 2775 simodo,
920 2746 957 2767 ut

116 2780 193 2811 facis
220 2780 300 2810 ritus
324 2787 438 2809 omnes
454 2785 626 2810 exter-rores
647 2782 676 2809 δι
702 2780 864 2810 solemnes
887 2779 956 2810 dili-

117 2822 245 2864 gentius
259 2823 414 2853 observes.

162 2865 304 2896 Tiberino
334 2865 365 2894 in
399 2863 542 2904 gurgite]
587 2865 713 2896 Tiberis
750 2866 868 2897 fluvius
896 2867 958 2899 Ro-

118 2919 207 2939 mam
225 2907 428 2946 interfluens,
452 2908 539 2946 prius
554 2907 670 2938 Albula
700 2909 814 2940 dictus.
862 2909 957 2941 Ovid.

118 2952 246 2983 Fast.2.

201 2994 316 3024 Albula
341 3004 427 3033 quem
455 2991 584 3025 Tiberim
608 3004 723 3025 mersus
744 2995 903 3028 Tiberinus
925 2996 963 3027 in

246 3038 339 3067 undis
456 3042 459 3047 '

202 3079 364 3112 Reddidit.

1028 965 1166 1009 BIergie]
1188 967 1276 998 Vota
1292 967 1405 998 facturi
1431 968 1458 998 a*
1485 976 1583 1005 sacra,
1606 965 1680 995 vivo
1705 974 1740 995 se
1763 963 1823 1008 fluj

985 1009 1075 1040 mine
1092 1012 1176 1050 prius
1190 1011 1376 1041 abluebant.

984 1052 1099 1092 virgil.
1118 1054 1236 1085 AEneid
1264 1057 1283 1083 4
1299 1066 1305 1083 ε

1070 1097 1249 1127 Atlreclare
1265 1097 1355 1135 nefas
1371 1099 1466 1128 donec
1481 1096 1659 1132 mestumz'ne
1672 1095 1739 1125 rivo

1070 1140 1212 1171 Abluero.

986 1181 1139 1214 Praeterea
1161 1185 1293 1214 observa
1314 1185 1460 1221 verbum,
1482 1183 1605 1223 mergis,
1630 1181 1754 1221 proprie
1770 1181 1825 1211 hic

986 1225 1140 1256 adbiberi.
1186 1227 1270 1258 Nam
1286 1229 1347 1266 qui
1361 1228 1432 1258 Diis
1448 1227 1557 1257 Inferis
1570 1227 1716 1262 litabant,
1738 1224 1823 1264 aqua

986 1277 1020 1298 se
1035 1272 1259 1311 respergebam
1273 1271 1419 1301 tantum:
1448 1270 1506 1309 qui
1522 1271 1594 1300 vero
1609 1269 1680 1299 Diis
1695 1269 1824 1308 Superis

987 1320 1073 1343 sacra
1089 1313 1260 1352 faciebant,
1279 1314 1470 1354 mergebant
1496 1323 1540 1351 se,
1565 1314 1591 1342 ἀ
1609 1317 1694 1343 totos
1714 1312 1823 1342 ablue-

988 1354 1077 1387 bant.
1125 1358 1267 1388 Macrob.
1282 1358 1441 1388 Saturnal.
1456 1357 1511 1386 lib.
1527 1358 1558 1386 3.
1573 1366 1645 1395 cap.
1666 1357 1715 1386 11.

1035 1401 1085 1430 16.
1110 1400 1230 1441 illane]
1253 1401 1335 1431 Solis
1350 1407 1422 1430 ortu
1438 1400 1560 1430 fiebant
1574 1408 1657 1429 sacra
1675 1398 1745 1428 Diis
1762 1398 1822 1428 Su-

989 1443 1070 1480 peris
1097 1454 1134 1474 ac
1159 1444 1346 1475 Caelitibus:
1386 1444 1538 1474 Manibus
1560 1448 1670 1472 autem
1698 1443 1724 1472 Sc
1753 1441 1823 1472 Diis

988 1483 1113 1525 Inferis,
1136 1488 1270 1526 vesperi,
1292 1488 1321 1516 ἃ
1345 1486 1510 1517 occidente
1527 1485 1621 1516 Sole:
1648 1491 1685 1514 ut
1698 1484 1823 1514 observ-

987 1535 1044 1558 ant
1058 1537 1180 1561 veteres
1191 1531 1382 1569 Interpretes
1393 1529 1561 1568 Apollonii
1572 1527 1824 1568 inArgonautis,

990 1571 1017 1601 Sc
1036 1571 1160 1604 Pindari
1175 1574 1209 1604 in
1222 1574 1378 1611 Isthmus,
1400 1573 1438 1603 ad
1455 1572 1517 1602 Od.
1535 1574 1566 1602 4.

1030 1614 1087 1645 Bis
1102 1617 1220 1656 terque]
1246 1617 1413 1646 Solemnes
1426 1616 1458 1645 hi
1476 1615 1603 1646 numeri
1619 1615 1652 1645 in
1669 1613 1781 1645 Sacris.

988 1658 1041 1688 De
1054 1659 1175 1691 binario
1190 1660 1285 1690 Ovid.
1305 1660 1388 1689 Fust.
1406 1661 1436 1689 4.

1073 1701 1132 1733 Bis
1140 1708 1233 1742 capul
1247 1701 1546 1738 intonsumfonlami
1561 1701 1720 1741 spargitur
1730 1699 1825 1732 κηάά.
1863 1716 1868 1727 ι

1074 1744 1133 1777 Bis
1144 1745 1345 1787 mafagined
1361 1750 1495 1784 tempora
1500 1745 1618 1783 fronde
1631 1745 1717 1786 tegit.

990 1787 1044 1819 De
1061 1791 1197 1820 ternario
1215 1791 1289 1820 vero
1306 1790 1390 1819 idem
1407 1789 1482 1819 ibid.
1810 1809 1814 1812 v

1069 1832 1126 1862 Ter
1136 1837 1227 1872 caput
1241 1833 1364 1871 irrorat,
1375 1837 1420 1862 ter
1430 1832 1513 1863 tollit
1521 1833 1566 1863 ud
1574 1830 1685 1861 aethera
1696 1832 1827 1871 palmas.

990 1875 1034 1905 Et
1049 1876 1163 1916 Virgil.
1179 1877 1288 1916 Eclog.
1304 1877 1334 1906 8.

1080 1919 1178 1949 Terna
1191 1920 1247 1950 tibi
1259 1919 1320 1950 lzoec
1329 1919 1460 1959 primum
1474 1919 1587 1958 triplici
1600 1919 1718 1948 diversa
1732 1920 1829 1948 colore

1075 1962 1164 1992 Licia
1180 1963 1332 1993 circumdo
1345 1973 1357 1997 ,¹
1380 1967 1484 2002 terque
1499 1962 1560 1992 ltoec
1573 1962 1686 1991 altaria
1702 1961 1816 1992 circum

1079 2005 1223 2046 Effigiem
1241 2007 1329 2043 (luco,
1340 2015 1462 2035 numero
1475 2005 1560 2035 Deus
1573 2005 1689 2044 impare
1701 2006 1831 2044 gaudet.

1036 2048 1082 2077 Et
1105 2053 1220 2079 noctem
1241 2049 1371 2083 flumine
1396 2048 1529 2089 purgas]
1565 2049 1707 2085 Antiqui
1733 2054 1829 2078 nocte

995 2091 1061 2129 ipsa
1078 2093 1161 2122 sicut
1177 2094 1203 2122 ἃ·
1228 2093 1394 2122 nocturnis
1412 2091 1578 2122 insomniis
1595 2091 1697 2130 pollui
1711 2100 1745 2120 se
1762 2101 1828 2122 cre-

992 2135 1126 2173 debant,
1150 2142 1186 2165 ut
1213 2141 1305 2165 notat
1330 2135 1459 2164 Servius
1473 2146 1481 2172 ς
1508 2134 1593 2165 unde
1621 2139 1693 2172 post
1718 2134 1773 2164 illa
1796 2145 1830 2166 se

994 2178 1170 2216 expiabant
1198 2178 1362 2217 frequenti
1388 2178 1575 2208 ablutione:
1601 2177 1688 2217 quod
1715 2178 1829 2208 etiam—

994 2230 1076 2250 num
1094 2222 1233 2252 retinent
1247 2223 1273 2252 &
1290 2222 1460 2252 observant
1474 2221 1598 2252 Turcae.

994 2264 1137 2303 Propert.
1153 2265 1204 2294 lib.
1227 2265 1257 2294 3.
1273 2265 1355 2304 Eleg
1382 2264 1413 2294 9.

1078 2309 1126 2337 Ac
1149 2308 1278 2345 primum
1297 2306 1381 2348 puni
1396 2317 1530 2338 somnum
1546 2308 1604 2338 tihi
1619 2306 1733 2337 discute
1750 2306 1831 2347 lym·

1118 2351 1192 2388 pha.

993 2392 1116 2424 Tibull.
1133 2395 1187 2424 lib.
1206 2394 1344 2434 3.E1eg.
1358 2395 1390 2424 4.

1086 2455 1349 2467 .........
1375 2436 1486 2466 Omnia
1501 2437 1598 2466 noctis

1084 2481 1179 2511 Farre
1187 2481 1242 2520 pio
1252 2480 1396 2519 placant,
1408 2483 1431 2518 ‘S‘
1443 2480 1571 2509 saliente
1584 2478 1661 2509 sale·

1045 2525 1093 2554 17.
1112 2524 1198 2554 Heus
1213 2534 1285 2564 age,
1299 2523 1458 2562 responde]
1481 2522 1627 2553 Instituit
1641 2521 1696 2551 hie
1710 2522 1833 2554 Persius

997 2567 1237 2607 dialogismum,
1275 2577 1343 2606 quo
1374 2567 1548 2606 impietatis
1573 2566 1738 2595 convincit
1764 2566 1834 2597 illos

999 2611 1148 2641 homines
1166 2616 1237 2640 vota
1262 2610 1407 2649 improba
1422 2610 1585 2647 facienteS,
1608 2615 1801 2648 argumento
1813 2611 1833 2640 i

999 2654 1116 2683 minori
1133 2654 1171 2683 ad
1186 2654 1300 2692 majus.
1346 2652 1427 2682 Vide
1441 2650 1531 2682 infra.

1048 2696 1096 2725 19.
1120 2697 1221 2737 Staio]
1244 2696 1347 2725 Staius
1363 2695 1473 2725 Albius
1496 2695 1697 2734 Oppianicus
1721 2696 1835 2734 conju·

1001 2749 1074 2780 gem
1092 2749 1184 2770 suam
1203 2740 1318 2778 primo,
1335 2744 1406 2768 tuni
1423 2738 1550 2768 fratrem
1567 2737 1735 2777 fratrisque
1752 2747 1833 2769 uxo-

1002 2793 1067 2813 rem
1083 2784 1242 2821 gravidam
1258 2791 1384 2812 veneno
1398 2781 1538 2817 sustulit,
1560 2781 1696 2820 aliisque
1711 2782 1834 2812 sceleri-

1002 2827 1062 2856 bus
1077 2825 1159 2855 bene
1175 2826 1287 2856 multis
1302 2834 1366 2854 sese
1381 2824 1624 2854 contamizavit.
1672 2822 1762 2853 Unde
1779 2834 1835 2862 po-

1001 2869 1089 2899 nitur
1102 2869 1156 2899 hic
1167 2878 1223 2908 pro
1236 2868 1370 2898 homine
1381 2868 1629 2906 corruptissimo.
1674 2866 1759 2897 Vide
1766 2866 1835 2898 Cic.

1000 2921 1060 2951 pro
1076 2911 1242 2942 Cluentio.

1045 2957 1103 2984 21.
1136 2955 1205 2984 Hoc
1232 2954 1343 2994 igitur,
1368 2953 1433 2991 550]
1473 2953 1503 2983 O
1520 2953 1633 2991 inzpie,
1656 2962 1723 2983 non
1738 2951 1837 2983 audes

1000 2998 1087 3036 apud
1114 2998 1281 3027 hominem
1310 2996 1557 3034 perdi'issimum
1574 2996 1604 3025 id
1629 2995 1732 3034 loqui,
1756 2995 1784 3024 &
1800 3003 1840 3024 ea

1003 3047 1075 3070 vota
1093 3049 1295 3077 nuncupare,
1319 3048 1389 3077 (με
1408 3039 1495 3078 apud
1509 3039 1628 3070 Jovem
1641 3037 1837 3068 confidenter

999 3083 1139 3123 loqueris
1153 3095 1159 3112 :
1184 3083 1303 3114 Jovem
1329 3082 1426 3122 igitur
1450 3083 1595 3122 pejorem
1622 3081 1785 3111 existimas
1810 3079 1838 3109 ἀ
