1948 3281
710 95 895 138 PERSII

79 181 190 225 Tum
213 198 367 226 crassos
389 185 580 228 transisse
602 185 701 237 dies,
720 186 938 242 lucemque
961 185 1195 240 palustrem,
1214 183 1270 225 60

78 240 134 281 Et
156 240 230 281 sibi
248 241 333 295 jam
355 242 428 283 seri
452 243 573 284 vitam
599 243 831 300 ingemuere
854 243 1048 284 relictam.

78 298 136 338 At
160 308 197 338 te
219 300 429 340 nocturnis
445 299 563 354 juvat
580 301 853 356 impallescere
874 300 1039 342 chartis.

79 353 228 396 Cultor
248 355 358 397 enim
375 355 595 412 juvenum,
628 368 815 414 purgatas
838 357 979 399 inseris
1000 371 1114 398 aures

564 417 689 457 Petite
730 415 844 466 hinc,
885 415 1156 471 juvenesque,
1207 428 1269 454 se-

77 410 210 467 Fruge
257 411 501 456 Cleanthea.

249 484 417 533 nesque,

77 523 221 567 Finem
243 541 383 570 animo
405 539 579 582 certum,
613 529 851 586 miserisque
873 528 1019 572 viatica
1039 527 1166 570 canis.

928 93 1145 139 SATIRA
1176 96 1232 137 V.
1710 99 1791 141 321

1282 188 1345 215 tum
1382 185 1484 215 dolent
1520 188 1694 225 praeposteri
1728 189 1793 218 dies

1281 227 1473 269 caliginosos,
1497 231 1519 266 ᾅ-
1533 229 1657 265 ιΓιυιίιιηι
1675 234 1792 270 tempus

1276 271 1470 309 praeteriisse,
1486 273 1508 308 ῖς
1523 271 1616 301 sitam
1631 273 1688 302 sibi
1705 275 1787 303 dein-

1279 324 1349 352 ceps
1362 314 1519 344 residuam.
1557 313 1600 344 Tu
1613 318 1680 344 vero
1692 316 1787 346 delec-

1280 357 1358 387 taris
1379 356 1527 395 pallorem
1551 357 1724 387 contrahere
1751 358 1789 388 li-

1280 399 1341 428 bris
1377 403 1466 429 noctu
1492 399 1645 436 legendis.
1704 401 1789 430 Nam

1279 443 1495 472 adolescentum
1519 442 1689 480 institutor,
1719 442 1790 472 Cle-

1281 484 1525 522 anthisfructum
1541 485 1656 524 ingeris
1666 486 1790 515 auribus

1212 528 1263 568 65
1281 528 1449 565 desiecatis.
1494 527 1603 565 Istinc,
1621 528 1788 565 ojurcnes,

1281 571 1395 609 pariter
1421 571 1444 608 ᾅ-
1469 580 1563 607 senes,
1585 572 1710 608 qztaerite
1724 575 1788 600 sta-

800 618 885 647 bilem
901 616 1047 646 mentibus
1061 625 1193 655 scopum,
1216 617 1237 653 c}-
1252 617 1429 643 commeatus
1444 613 1594 643 senectuti
1608 623 1786 643 aerumnosae.

389 819 555 859 Postquam
570 819 618 850 illi
620 821 712 859 justa
727 819 870 862 chiragra

164 863 310 893 Contudit
323 863 480 893 articulos.

77 904 119 935 Et
132 906 231 945 Epist.
251 910 278 936 1.
309 907 394 936 idem
410 906 559 936 Horatius
576 913 666 937 vocat
685 907 824 936 nodosam
845 906 906 936 chi-

75 958 211 989 ragram.
434 960 438 963 ·

124 990 238 1021 Veteris
254 989 482 1032 ramaliafagi]
502 991 585 1022 Cum
601 997 747 1022 senectus
765 993 791 1021 ἃ
807 993 906 1023 luxu-

77 1035 154 1064 riosa
180 1034 244 1063 vita
260 1035 450 1065 debilitariut
467 1035 646 1071 hominem,
670 1036 726 1073 qui
751 1040 796 1063 est
819 1036 906 1066 simi-

73 1077 112 1106 lis
128 1078 227 1106 arbori
252 1078 403 1114 inversae3
429 1079 455 1107 δι
481 1078 554 1108 curn
580 1079 649 1115 eius
673 1078 814 1107 membra
839 1084 905 1109 tam

74 1120 202 1150 inutilia
218 1120 246 1149 δι’
270 1121 354 1150 arida
381 1121 525 1158 fecerint,
549 1121 648 1160 quam
673 1127 749 1150 sunt
766 1121 843 1151 rami
858 1132 904 1152 ar-

74 1162 156 1192 boris
169 1172 296 1193 annosa:
313 1165 340 1193 δι
355 1164 550 1193 emorientis.

118 1206 169 1235 60.
199 1205 273 1236 Tum
288 1216 403 1237 crassos
419 1205 564 1236 transisse
579 1206 655 1244 dies]
691 1206 780 1237 Tum
797 1208 908 1238 dolent

73 1257 174 1278 annos
195 1256 367 1279 transactos
394 1251 427 1280 in
455 1251 542 1287 turpi
566 1251 720 1287 caecitate,
743 1251 778 1280 in
800 1252 906 1281 crassis

73 1292 225 1329 tenebris,
249 1294 317 1322 sine
334 1293 399 1322 ulla
421 1293 543 1322 virtutis
569 1300 625 1322 aut
638 1293 777 1323 veritatis
797 1295 907 1334 cogni-

73 1335 182 1363 tinne:
208 1345 279 1373 quae
304 1336 369 1365 duo
383 1343 459 1364 sunt
480 1335 581 1365 animi
595 1335 684 1365 cibus
705 1346 741 1366 ac
756 1346 836 1366 verae
853 1337 907 1367 de-

72 1376 163 1406 liciae.
209 1379 238 1408 S.
274 1379 361 1417 Aug.
396 1377 478 1410 Quid
499 1378 596 1419 magis
619 1378 771 1408 desiderat
794 1379 907 1419 anima,

72 1421 163 1458 qua'm
175 1421 332 1450 veritatem
344 1419 360 1450 ,⁷

116 1462 288 1501 Lucemque
298 1461 486 1503 palustrem]
524 1463 560 1493 In
574 1463 744 1494 libidinum
760 1464 902 1495 sordibus

72 1514 109 1534 ac
124 1506 194 1536 luto
208 1517 216 1544 3
240 1516 281 1535 an
297 1508 324 1537 δι
342 1507 375 1536 in
385 1507 507 1536 balneis
524 1507 578 1536 ubi
594 1508 645 1536 aer
660 1517 777 1537 crassus
793 1508 821 1538 ἃ,
839 1508 903 1538 im-

72 1558 184 1587 purus,
207 1550 309 1588 qualis
324 1550 514 1588 palustrium
530 1549 696 1579 locorum?

117 1591 168 1621 61.
191 1591 269 1630 Sen']
293 1593 377 1622 Gom
389 1594 458 1630 Jam
474 1593 582 1623 nullus
597 1593 747 1623 medendi
761 1593 860 1624 locus.

120 1633 219 1664 Vitam
232 1635 402 1674 ingemuere
416 1635 567 1673 relictam]
589 1636 665 1666 Jam
692 1637 790 1666 luunt
816 1638 906 1675 quod

70 1678 151 1707 olim
170 1677 354 1716 peccarunt,
368 1679 397 1708 Sc
411 1688 502 1707 senes
518 1678 593 1708 sacti
610 1688 645 1709 ac
661 1679 778 1708 debiles
793 1680 905 1710 dolent

72 1721 172 1750 vitam
197 1721 256 1750 sibi
280 1721 487 1759 superstitem
512 1731 577 1751 esse
600 1721 691 1751 velut
705 1722 745 1751 ad
760 1722 904 1752 ferendas

73 1769 122 1793 tot
138 1763 341 1803 aegritudines
366 1773 400 1793 ac
415 1765 565 1801 miserias,
589 1773 660 1802 quae
678 1764 839 1794 luxuriam
854 1775 904 1795 se-

70 1814 236 1844 quuntur:
274 1807 431 1836 damnant
460 1808 555 1845 igitur
587 1816 701 1836 errores
727 1808 755 1836 ἂ
784 1807 903 1847 flagitia

71 1850 181 1887 prioris
208 1850 292 1886 vizae,
321 1849 431 1879 dolent
458 1849 545 1889 quod
571 1849 696 1879 obscuri
724 1851 752 1880 δε
777 1850 902 1890 inglorii

68 1892 212 1931 egerint3
236 1898 268 1922 at
282 1902 361 1922 sero.

115 1934 166 1965 62.
190 1936 235 1964 At
250 1940 280 1965 te
296 1935 458 1973 nocturnis,
481 1933 549 1975 {x-a]
574 1935 628 1964 Tu
640 1937 727 1974 vero,
744 1935 900 1975 Cornute,

71 1983 278 2016 contemptor
313 1979 508 2015 divitiarum,
548 1979 719 2016 honorum,
754 1980 901 2017 volupta-

71 2026 157 2058 tum,
183 2027 267 2051 totus
282 2022 444 2060 sapientiae
469 2022 574 2050 studio
595 2021 650 2051 diu
668 2029 837 2060 noctuque
852 2023 900 2052 in-

71 2064 219 2101 cumbis;
245 2065 323 2102 quin
343 2065 370 2093 ἀ
385 2065 516 2094 studiosi
533 2065 646 2094 laboris
662 2074 697 2102 ac
720 2065 900 2103 vigiliarum

70 2111 202 2135 tuarum
224 2106 346 2136 fructus
371 2117 447 2136 cum
475 2107 542 2136 aliis
569 2108 703 2145 ultra&
732 2108 903 2139 liberaliter

69 2149 301 2179 communicas.

115 2189 278 2221 Nocturnis
294 2193 387 2231 juvat
413 2191 615 2231 impallescere
640 2191 769 2234 chartas]
801 2193 901 2223 Pallo-

71 2243 139 2263 rem
156 2235 342 2264 contrahere
359 2235 576 2265 incumbendo
601 2236 688 2265 libris
716 2238 744 2266 Sc
769 2237 900 2266 assiduae

70 2277 212 2313 lectioni,
237 2278 333 2307 etiam
350 2278 389 2307 ad
405 2278 574 2317 lychnum,
599 2280 627 2308 Sc
648 2284 758 2308 noctu.

69 2319 182 2350 Horat.
194 2321 297 2359 Epist.
311 2320 350 2350 ad
367 2321 503 2351 Pisones.

514 2363 570 2394 Vos
580 2363 765 2402 exemplaria
780 2363 887 2394 Graeca

152 2405 315 2435 Nocturna
331 2411 446 2436 versate
462 2417 564 2444 manu,
577 2411 693 2436 versate
705 2406 826 2436 diurna.

112 2448 164 2478 63.
189 2448 296 2479 Cultor
307 2449 554 2488 enimjurenum]
593 2450 689 2479 Bonis
717 2459 753 2479 ac
783 2450 900 2481 sedulis

70 2491 334 2530 institutionibus,
357 2493 395 2522 ad
412 2494 564 2522 virtutem
585 2494 612 2521 δι
629 2492 830 2523 honestatem
842 2495 899 2531 ju-

70 2536 300 2565 venesincstas
328 2545 363 2564 ac
389 2535 515 2565 formas.
560 2535 637 2568 Quo
653 2535 838 2565 laudibilius
852 2538 901 2566 ni-

68 2576 117 2605 hil
127 2583 174 2605 est
185 2585 242 2607 aut
251 2578 454 2608 fructuosius.
485 2579 552 2608 Cic.
570 2579 600 2607 2.
614 2578 653 2607 de
670 2578 814 2608 Divinat.
830 2589 900 2618 cap.

67 2621 99 2648 4.
147 2619 232 2651 Quod
255 2621 344 2660 enim,
368 2622 487 2659 inquit,
512 2630 617 2649 numus
642 2619 828 2659 Rezpwlicoe
850 2623 900 2656 af*-

56 2661 148 2698 serre
171 2663 272 2700 majus
297 2664 438 2693 meliusve
457 2673 623 2702 possumus,
646 2673 734 2701 quam
751 2664 778 2693 si
793 2665 899 2694 docea-

69 2714 134 2733 mus·
148 2709 240 2743 atque
261 2706 632 2745 erudiamusjutentutem
646 2706 660 2734 ?
708 2706 748 2735 Et
762 2706 898 2736 Tuscul.

69 2745 192 2778 Quest.
221 2749 238 2776 2
276 2757 309 2777 n.
332 2751 380 2779 13.
431 2750 560 2778 (fultura
588 2749 681 2777 animi
706 2748 899 2788 Philosophia

69 2793 126 2826 est,
160 2800 223 2828 quoe
252 2789 384 2820 extrahit
410 2792 486 2822 vitia
517 2792 675 2829 radicitus,
698 2793 721 2828 ᾁ·
743 2797 900 2830 praeparat

68 2832 186 2861 animos
200 2833 242 2861 ad
254 2838 338 2862 satus
351 2835 561 2873 accipiendos,
576 2845 670 2872 eoque
694 2835 819 2863 mandat
845 2835 900 2871 eis,

68 2875 93 2911 ‘S'
118 2879 152 2903 ut
174 2875 218 2904 iza
234 2876 344 2914 dicam,
365 2878 450 2915 serit,
473 2888 537 2916 quae
552 2878 657 2906 adulta
670 2876 801 2914 fructus
817 2878 898 2906 uber-

70 2917 293 2953 rimas-ferant.

114 2959 272 2999 Purgatus
283 2961 391 2991 inseris
403 2962 505 3001 aures]
540 2963 713 3002 Postquam
731 2962 810 2991 vitiis
828 2971 901 3000 pur-

70 3002 164 3040 gasti,
182 3012 339 3042 precepta
354 3014 480 3034 morum
499 3007 526 3035 δι
540 3007 697 3036 virtutum
713 3011 902 3034 ornamenta

69 3044 184 3084 ingeris
217 3047 246 3075 ὃ(
274 3048 393 3078 conaris
422 3048 572 3079 inducere
602 3051 638 3081 in
672 3047 902 3088 discipulorum

950 821 1110 858 animum,
1132 819 1158 849 si
1175 819 1272 849 modo
1287 819 1420 848 culturae
1440 817 1619 856 patientem
1637 826 1784 848 commo-

950 864 1054 893 darint
1069 872 1193 900 aurem,
1211 868 1248 891 ut
1264 862 1360 891 habet
1377 861 1488 890 Horat.
1514 860 1567 890 lib.
1590 864 1618 889 1.
1636 859 1735 898 Epist.
1757 863 1783 890 1.

949 905 1103 944 Namque
1119 911 1154 935 ut
1170 910 1216 934 est
1230 904 1357 934 ibidem.

1019 947 1120 977 Virtus
1132 950 1190 986 est,
1205 946 1436 986 citiumfugere
1448 956 1461 980 ;
1475 947 1498 983 «ὃ
1512 945 1664 984 sapientia
1671 946 1785 985 prima,

1013 990 1155 1020 Stultitia
1169 990 1312 1019 caruisse.

993 1034 1043 1064 64.
1072 1033 1174 1073 Fruge
1205 1029 1388 1068 Cleanthea]
1426 1029 1633 1069 Philosophia
1658 1030 1786 1069 Morali,

950 1086 1049 1115 quam
1067 1076 1240 1107 cteanthes
1257 1074 1398 1105 Zenonis
1422 1074 1598 1112 discipulus
1615 1074 1643 1102 &
1660 1083 1786 1104 succes-

948 1129 999 1149 sor
1025 1120 1148 1156 docuit,
1173 1128 1250 1149 cum
1279 1126 1396 1157 magna
1419 1117 1671 1146 Atheniensium
1697 1117 1785 1146 utili-

949 1168 1025 1192 tate.
1070 1162 1112 1201 Is,
1136 1168 1270 1202 urgente
1287 1159 1410 1199 inopia„
1426 1165 1526 1189 noctu
1543 1169 1634 1189 suam
1652 1169 1783 1196 operam

949 1205 1074 1235 locabat
1097 1211 1168 1235 tum
1193 1204 1375 1234 hauriendae
1403 1212 1508 1242 aquae,
1532 1205 1603 1232 tu'm
1617 1202 1783 1240 pinsendis

951 1248 1100 1286 panibus,
1125 1254 1160 1278 ut
1186 1248 1296 1277 liceret
1322 1245 1460 1277 interdiu
1490 1254 1599 1275 vacare
1623 1245 1783 1283 sapientiae

949 1291 1066 1328 studio,
1091 1290 1179 1330 apud
1194 1289 1375 1327 Zenonem,
1398 1289 1490 1326 cujus
1504 1289 1600 1318 etiam
1616 1287 1713 1325 dicta,
1728 1287 1784 1318 de-

948 1333 1076 1363 ficiente
1105 1343 1239 1373 papyro,
1260 1333 1362 1362 bourn
1388 1331 1522 1368 ossibus,
1553 1339 1591 1360 ac
1618 1331 1706 1360 testis
1731 1331 1785 1361 in.

949 1377 1116 1407 scribebat.
1162 1375 1312 1414 Improbo
1336 1376 1364 1404 &
1390 1374 1542 1413 pertinaci
1567 1372 1673 1402 labore
1689 1383 1785 1413 supe-

950 1419 1037 1449 rabat
1067 1420 1189 1458 ingenii
1217 1418 1268 1448 sui
1294 1418 1488 1453 tarditatem,
1526 1425 1598 1454 quae
1624 1415 1701 1446 fecit
1728 1418 1787 1447 ali-

945 1462 1076 1501 qnando
1104 1468 1141 1492 ut
1171 1471 1226 1500 per
1251 1461 1440 1497 ludibrium,
1468 1459 1576 1488 asinus
1608 1466 1783 1490 vocaretur.

948 1505 1018 1535 Nec
1045 1505 1207 1534 abnuebat
1245 1504 1312 1540 ille,
1344 1503 1411 1532 imo
1449 1501 1590 1531 Zenonis
1624 1503 1783 1534 sarcinam

948 1548 1027 1578 ferre
1040 1557 1072 1577 se
1094 1557 1198 1586 posse,
1221 1547 1333 1576 aiebat.
1377 1545 1462 1575 cum
1481 1544 1553 1574 vero
1568 1544 1643 1574 alias
1668 1545 1782 1583 probro

946 1591 993 1621 illi
1021 1596 1208 1627 verteretur,
1237 1589 1325 1629 quod
1351 1588 1483 1618 timidus
1510 1593 1613 1624 csset3
1648 1592 1681 1617 at
1711 1588 1783 1618 ideo

948 1634 1068 1672 inquit,
1092 1633 1198 1663 minus
1227 1641 1334 1671 pecco.
1380 1631 1460 1660 Haec
1489 1631 1518 1659 ἅτ
1545 1630 1607 1659 alia
1635 1630 1675 1659 de
1705 1631 1781 1661 Cle-

948 1678 1047 1706 anthe
1064 1677 1205 1715 Diogen.
1222 1675 1325 1704 Laert.
1352 1674 1404 1703 lib.
1422 1675 1452 1704 7.
1477 1674 1505 1703 &
1520 1673 1611 1703 Tull.
1627 1674 1696 1710 eJ'us
1713 1684 1782 1704 me-

948 1721 1055 1756 minit,
1077 1720 1117 1748 de
1140 1718 1263 1749 Natura
1290 1718 1447 1753 Deorum,
1470 1716 1523 1745 lib.
1554 1717 1584 1744 1.
1608 1725 1701 1746 num.
1729 1718 1781 1748 37.

946 1762 1029 1792 Item
1044 1762 1156 1791 Valer.
1169 1761 1309 1791 Maxim.
1324 1760 1378 1789 lib.
1393 1760 1423 1788 8.
1436 1768 1506 1797 cap.
1526 1760 1555 1788 7.

989 1804 1093 1834 Petite
1117 1803 1200 1842 lzinc]
1235 1803 1263 1832 E
1293 1801 1495 1841 philosophia
1525 1798 1646 1839 Sto'ica,
1682 1803 1731 1832 vel
1762 1804 1782 1833 ὲ

946 1847 1083 1878 Cornuti
1109 1846 1277 1885 disciplina
1303 1845 1402 1882 petite
1423 1844 1506 1873 bene
1530 1844 1660 1874 vivendi
1688 1846 1781 1876 ratio-

945 1900 1021 1920 nem
1039 1892 1067 1920 ὃς
1084 1889 1217 1920 modum
1234 1900 1241 1917 z
1268 1887 1362 1924 finem
1377 1886 1477 1915 animo
1492 1890 1605 1916 certum
1618 1898 1628 1915 .-
1651 1888 1778 1918 beatam

944 1935 1064 1970 vitam3
1088 1934 1304 1968 honestatem,
1326 1931 1501 1967 virtutem3
1533 1935 1656 1959 rectum
1673 1931 1700 1959 Sc
1717 1937 1778 1961 sta-

946 1977 1008 2006 bile
1022 1976 1240 2015 propositum:
1266 1973 1367 2013 quod,
1384 1980 1421 2002 ut
1435 1972 1480 2002 ait
1497 1972 1660 2011 Horatius,
1679 1972 1776 2012 Epist.

946 2022 975 2049 1.
998 2019 1052 2048 lib.
1072 2021 1099 2049 1.

1007 2061 1107 2100 AEque
1117 2060 1303 2100 pauperibus
1310 2059 1448 2097 prodest,
1472 2056 1671 2096 locupletibus
1681 2059 1777 2096 oeque,

1008 2104 1110 2143 AEque
1124 2103 1294 2143 neglectum
1306 2102 1406 2141 pueris
1419 2100 1595 2140 senibusque
1607 2101 1734 2131 nocebit.

945 2148 990 2178 Et
1005 2148 1117 2178 eodem
1133 2148 1189 2178 lib.
1209 2149 1237 2175 1.
1252 2146 1355 2184 Epist.
1374 2146 1403 2173 2.

1292 2187 1416 2218 Certum
1431 2190 1500 2216 voto
1512 2190 1584 2224 pete
1595 2185 1700 2223 finem.

990 2234 1041 2264 65.
1064 2234 1248 2272 Iliisericque
1260 2231 1373 2262 viatica
1389 2230 1486 2268 canis]
1520 2230 1637 2259 Solatia
1652 2231 1681 2259 ἄ
1697 2240 1777 2268 prae..

945 2277 1034 2315 sidia,
1059 2287 1132 2316 quae
1158 2277 1278 2315 prosint
1303 2276 1335 2303 in
1360 2277 1540 2309 senectute,
1565 2282 1663 2311 quam
1692 2282 1776 2304 nun..

946 2330 1046 2359 quam
1061 2330 1127 2350 non
1140 2320 1334 2349 comitantur
1347 2317 1490 2352 miseriae,
1504 2316 1624 2352 inopia,
1641 2315 1776 2353 dolores,

946 2364 1004 2392 dcc.
1028 2364 1068 2393 ad
1093 2372 1165 2401 quae
1192 2361 1321 2391 ferenda
1346 2359 1469 2388 facilius
1486 2357 1690 2395 Philosophia
1707 2368 1776 2389 non

944 2406 1055 2443 parum
1069 2406 1173 2443 juvat.
1219 2404 1306 2434 Hinc
1323 2402 1371 2432 M.
1385 2401 1474 2431 Tull.
1491 2399 1650 2430 Ciceronis
1666 2410 1783 2431 conso·

944 2449 1032 2484 latio,
1054 2449 1133 2478 item
1147 2448 1259 2477 Boem.

992 2491 1126 2530 Viatica]
1155 2489 1305 2519 Viaticum
1320 2487 1437 2517 dicitur
1459 2485 1489 2514 id
1515 2494 1613 2514 omne
1636 2486 1722 2525 quod
1737 2488 1776 2518 ad

943 2534 1128 2564 faciendum
1144 2534 1205 2562 iter
1220 2541 1302 2571 opus
1318 2535 1365 2560 est
1382 2530 1409 2559 &
1423 2528 1647 2558 necessarium.
1683 2529 1778 2560 Unde

944 2577 1052 2606 innuit
1085 2577 1216 2611 Persius,
1240 2584 1296 2604 nos
1326 2573 1413 2603 velut
1437 2571 1627 2609 peregrinari
1652 2572 1686 2602 in
1715 2574 1779 2603 vita

944 2620 1015 2656 hac,
1040 2620 1066 2648 ἃ
1085 2619 1124 2648 ad
1140 2618 1260 2656 aliquid
1276 2616 1362 2645 aliud
1384 2613 1523 2644 tendere.
1573 2614 1670 2652 Apud
1686 2614 1779 2646 Laer-

942 2663 1026 2691 tium
1050 2662 1093 2691 lib
1124 2664 1151 2691 1.
1196 2661 1269 2690 Bias
1296 2659 1449 2688 Prieneus
1476 2663 1600 2693 monet,
1624 2658 1778 2689 viaticum

941 2706 980 2734 ab
995 2705 1207 2734 adolescentia
1223 2702 1260 2731 ad
1286 2706 1489 2731 senectutem
1506 2699 1695 2737 sapientiam
1714 2711 1782 2731 esse

941 2746 1208 2786 comparandum,
1231 2745 1356 2783 quippe
1383 2742 1457 2772 cum
1486 2751 1521 2771 ea
1545 2742 1612 2771 sola
1636 2744 1675 2772 sit
1698 2751 1781 2773 certa

943 2799 1082 2828 veraque
1112 2789 1275 2828 possessio.
1323 2787 1364 2815 Et
1379 2785 1470 2815 Tull.
1493 2785 1533 2813 de
1549 2786 1676 2814 Senect.
1703 2796 1734 2815 n.
1749 2787 1781 2816 9.

943 2833 999 2869 ait,
1013 2833 1181 2871 Aptissima
1197 2830 1316 2858 omnino
1329 2832 1399 2858 sunt
1412 2837 1497 2857 anna
1510 2829 1686 2865 senectutis,
1699 2833 1781 2857 artes

943 2875 1232 2912 exercitationesque
1253 2873 1414 2909 virtutum,
1436 2881 1500 2910 quae
1526 2871 1557 2898 in
1584 2871 1663 2898 omni
1691 2873 1782 2899 <etate

943 2920 1044 2955 cultae,
1069 2917 1135 2946 cum
1157 2915 1283 2945 multum
1308 2915 1418 2953 diuque
1434 2913 1555 2949 via-eris,
1578 2912 1717 2947 mirifco<
1732 2913 1783 2951 af-

934 2959 1200 2997 ι(εν-ιιηι,ἰήιε-ηις,
1221 2968 1282 2987 non
1306 2958 1402 2987 solum
1427 2957 1499 2995 quia
1526 2964 1675 2992 nunquam
1697 2956 1783 2985 dese-

944 3009 1028 3041 runt,
1051 3012 1088 3032 ne
1102 3006 1234 3032 extremo
1250 3001 1369 3040 quide-m
1392 3005 1521 3037 tempore
1543 2998 1646 3045 fetatis
1667 2998 1787 3036 (quan-

946 3055 1035 3086 quam
1057 3046 1091 3075 id
1104 3045 1265 3076 maximum
1289 3043 1357 3081 est)
1379 3042 1486 3073 verum
1504 3044 1596 3070 etzam
1619 3049 1691 3079 quta
1715 3050 1789 3071 con-

910 3089 952 3129 Y
