1948 3281
603 107 630 149 J
634 106 940 152 UVENALIS
973 104 1191 148 SATIRA
1222 105 1350 147 XVI.
1753 104 1836 147 263

105 209 163 230 nas
381 197 429 229 Ac
459 196 496 229 de
522 198 704 230 animalibus
734 200 826 230 etiam
861 199 947 228 docet
991 197 1054 237 dig.
1078 197 1130 226 lib.
1153 197 1205 226 21.
1225 205 1292 234 cap.
1313 195 1346 224 3.
1372 194 1400 223 &
1417 194 1470 224 lib.
1488 196 1540 225 30.
1558 205 1627 243 cap.
1644 194 1696 240 36
1741 194 1833 225 idom

105 243 214 273 Alea-is
222 243 321 273 Poeta
334 243 366 272 in
380 242 547 281 Comoedia,
559 242 813 284 quoePythagoroe
827 242 889 272 vita
901 243 947 271 in·
991 241 1046 270 lib.
1062 240 1115 270 28.
1130 250 1156 269 c.
1174 240 1221 268 12.
1238 239 1280 268 ita
1296 237 1421 268 scribit:
1447 236 1592 277 Legimus
1608 247 1638 266 ιη
1660 240 1831 286 Groecorwn

104 286 257 324 scribitur,
275 289 333 315 Sec.
370 285 529 315 Caeterum
544 285 680 326 frugales
693 286 866 316 admodum
883 285 940 324 Py·
987 283 1146 321 thesauris,
1159 281 1277 311 reddito
1292 280 1398 329 R⁰⁷.⁷¹oe.
1409 282 1542 328 officula,
1556 284 1589 309 ut
1605 280 1717 328 q'oem'
1729 285 1833 319 genta

105 329 269 368 thagoram
281 330 308 359 ἃ
321 329 530 368 Pythagoreos
541 336 735 368 constat‚atq
743 339 782 358 ue
796 328 899 368 pomis
913 329 941 357 Sc
982 324 1212 365 prudentissimi
1232 324 1572 372 acforttsstrnistatuas
1587 327 1749 362 erigerent,
1763 333 1832 352 mox

105 371 269 409 olusculis,
282 372 443 402 interdum
459 382 541 410 pane
552 382 587 402 ac
601 373 698 403 melle
709 379 877 402 contentos
893 371 942 402 fu-
986 370 1098 406 inforo
1111 367 1294 408 Pythagoroe
1306 368 1328 404 ᾇ
1341 366 1513 417 Alctbjadzs
1527 376 1564 395 ex
1577 376 1634 394 aere
1648 365 1758 395 [conas
1781 367 1829 395 de-

101 415 175 445 isse.
198 415 322 445 Athen.
340 415 395 444 lib.
416 416 465 445 10.
483 425 552 455 cap.
570 417 599 446 5.
615 417 643 447 dc
659 415 734 446 alib.
750 415 832 446 Coel.
850 415 941 445 Rho·
987 413 1112 443 dicasse.
1158 411 1242 441 Vide
1258 411 1285 439 <Sc
1301 410 1397 449 supra
1415 412 1480 439 bat.
1499 410 1528 439 8.
1541 420 1569 438 v.
1585 409 1660 439 229.

865 549 1064 557 ——-

691 672 1019 737 SATIRA
1069 671 1256 733 XVI.

106 816 251 879 QUIS
275 836 485 865 numerare
506 829 627 876 queat
646 819 775 862 felicis
799 819 982 875 praemia,
1006 818 1139 869 Galle,

107 878 310 923 Militiae?
344 881 456 921 Nam
479 878 510 919 si
536 877 756 920 subeantur
778 892 965 932 prospera
987 886 1131 925 castra,

109 937 187 978 Me
209 938 401 991 pavidum
425 935 599 990 excipiat
618 945 803 991 tyronem
825 945 938 990 porta
962 934 1142 975 secundo

108 993 266 1035 Sidere.
329 995 424 1036 Plus
442 993 591 1034 etenim
609 993 681 1034 fati
703 993 806 1034 valet
827 995 926 1034 hora
948 990 1132 1048 benigni,

107 1051 252 1107 Quam
275 1051 306 1093 si
329 1066 406 1093 nos
428 1051 600 1093 Veneris
623 1051 886 1092 commendet
910 1049 1081 1104 epistola
1101 1046 1247 1099 Marti,
1319 1088 1332 1113 t
1355 1094 1454 1115 ranem
1467 1095 1484 1113 α
1489 1085 1563 1114 dmi!
1568 1088 1598 1113 ta
1602 1089 1613 1113 t
1635 1085 1721 1114 ,αῃαα
1755 1084 1830 1115 Nan

108 1109 165 1150 Et
186 1109 327 1150 Samia
347 1108 520 1166 genitrix
544 1123 638 1164 quae
661 1108 881 1150 delectatur
902 1109 1037 1149 arena.
1318 1096 1416 1168 dags,
1436 1131 1538 1166 potest
1563 1096 1741 1157 horg‘sortg‘,
1754 1096 1841 1166 pros}

109 1165 351 1208 Commoda
372 1176 590 1207 tractemus
614 1166 795 1220 primum
813 1164 1069 1215 communia,
1093 1177 1272 1218 quorum
1313 1181 1397 1209 perae
1421 1172 1512 1219 quam
1534 1170 1561 1219 εξ·
1578 1181 1638 1219 nos·
1655 1171 1760 1200 Marta·
1775 1170 1842 1201 lau-

109 1224 238 1264 Haud
261 1224 484 1265 minimum
507 1222 605 1264 illud
629 1224 718 1275 erit,
742 1238 792 1264 ne
811 1232 848 1263 te
870 1223 1025 1279 pulsare
1048 1229 1208 1276 togatus
1320 1215 1391 1286 ‘le
1407 1214 1844 1286 [2250pengiigtacsgzizr

110 1281 276 1323 Audeat
296 1298 305 1322 :
340 1282 472 1322 immo
496 1282 536 1321 δι
556 1281 588 1322 si
611 1282 807 1336 pulsetur,
831 1279 1074 1330 dissimulet,
1099 1291 1174 1318 nec
1320 1266 1458 1337 {tiramus
1476 1267 1627 1338 primffde
1647 1279 1844 1339 generalibu}

111 1338 278 1380 Audeat
300 1353 492 1379 excussos
518 1339 682 1380 Praetori
705 1337 916 1380 ostendere
937 1339 1094 1388 dentes,
1258 1332 1536 1391 ΙΟενῖξοίιξννιεπῑῐε,
1559 1352 1681 1392 quotum
1705 1341 1758 1371 7²0⁶
1784 1352 1845 1372 non

109 1395 165 1436 Et
187 1395 342 1452 nigram
368 1396 411 1436 in
427 1395 528 1436 facie
552 1395 720 1436 tumidis
743 1395 937 1437 livoribus
960 1394 1102 1446 offam,
1320 1389 1386 1457 {2³72
1401 1385 1558 1457 ³⁷}{2'22'ffdr
1576 1385 1667 1456 9ἶῖἵῖ
1688 1388 1846 1457 ‘3523‘-

110 1452 255 1510 Atque
275 1452 417 1494 oculos
441 1453 610 1495 Medico
634 1453 689 1494 nil
716 1452 978 1507 promittente
996 1451 1173 1493 relictos.
1623 1454 1639 1467 ⁵
1831 1450 1842 1463 '

113 1510 334 1552 Bardiacus
356 1511 490 1552 „ludex
513 1511 629 1552 datur
651 1512 740 1552 haec
764 1511 907 1566 punire
928 1509 1082 1553 volenti

1382 814 1459 846 INT
1471 814 1772 846 ERPRETATIO.

1363 869 1391 898 0
1404 870 1567 908 GALLE,
1584 870 1651 909 quis
1661 870 1837 909 possitsoro

1319 914 1421 942 tanati
1443 914 1514 943 belli
1540 915 1692 943 commacla
1711 923 1839 952 percen-

1317 966 1381 985 sere
1392 955 1406 985 ‚⁷
1430 956 1555 985 Etenim
1571 957 1597 985 si
1613 956 1720 986 intrem
1737 960 1839 986 castra

1307 999 1436 1037 =felicia,
1453 999 1594 1038 profecto
1607 999 1786 1038 exopmrim
1802 1006 1840 1029 ut

1280 1048 1303 1087 5
1318 1045 1400 1071 astro
1425 1042 1552 1082 benigno
1573 1043 1778 1071 meticulosum
1793 1053 1840 1072 me

1322 1471 1395 1509 quin
1412 1470 1504 1500 etiam
1522 1475 1622 1499 taceat
1637 1471 1664 1499 si
1677 1471 1846 1501 verberetur

1325 1514 1342 1543 ὲ
1357 1520 1388 1543 te
1401 1524 1407 1541 z
1433 1514 1542 1551 vixque
1556 1514 1704 1542 snslz'neat
1719 1513 1846 1544 Proetori

1325 1559 1494 1585 monstrare
1510 1555 1627 1586 evulsos
1641 1557 1705 1586 ictu
1729 1557 1845 1596 dentes,

115 1600 208 1635 atque
221 1601 318 1627 atram
331 1608 452 1627 carnem
463 1598 493 1627 in
508 1598 607 1636 vultu,
618 1601 798 1639 turgentem,
810 1609 846 1629 ac
859 1599 984 1629 lividam
995 1611 1009 1636 ;
1032 1601 1055 1638 ξς
1068 1599 1167 1630 oeulos
1178 1602 1338 1639 restantes,
1349 1599 1475 1629 IlIedico
1487 1598 1563 1628 nihil
1572 1600 1745 1638 spondente.
1778 1600 1846 1630 Ista

116 1640 191 1669 vero
206 1641 357 1681 castigare
372 1642 506 1680 cupienti
522 1642 651 1672 donatur
666 1642 806 1681 quoesz'tor
821 1642 994 1682 bartimeus,

793 1706 1175 1739 ANNOTATIONES.

164 1773 195 1803 1.
237 1771 312 1806 Quis
342 1782 498 1803 numerare
529 1777 632 1813 queat,
668 1772 734 1812 ega]
774 1773 961 1813 Exploditur

117 1815 225 1845 Satira
257 1815 318 1845 haec
341 1818 359 1846 (ἱ
393 1818 556 1856 plerisque,
592 1828 629 1846 ac
666 1817 779 1846 dicitur
806 1827 866 1846 non
899 1827 962 1846 esse

117 1858 293 1896 Juvenalzs,
308 1860 415 1897 inquit
433 1866 524 1890 vetus
541 1860 650 1890 Schol.
669 1862 696 1890 Sc
720 1861 773 1889 alii
789 1865 859 1898 post
883 1869 960 1890 eum

119 1902 217 1932 multi
276 1901 512 1933 Verumtamen
527 1914 569 1933 ex
586 1914 622 1933 ea
638 1903 787 1942 quiedam
804 1910 959 1941 tanquam

118 1944 286 1974 ,Iuvenalis
310 1945 412 1974 afferri
438 1947 455 1975 a
477 1946 636 1976 Prisciano
651 1947 708 1976 lib.
723 1946 753 1975 8.
771 1948 797 1973 δε
817 1945 834 1973 a
851 1947 960 1975 Servio

120 1987 154 2016 in
169 1990 197 2016 1.
211 1988 237 2016 ἀ
254 1988 285 2016 2.
334 1986 459 2017 AEnctd.
485 1999 553 2019 non
574 1998 739 2028 perperam
756 1989 959 2018 observatum

119 2029 169 2059 fit.
212 2030 386 2060 Priscianus
409 2032 463 2060 cit.
492 2033 543 2062 lib.
569 2033 599 2060 8.
622 2042 691 2072 cap.
721 2033 750 2063 9.
777 2033 960 2070 iterumque

121 2081 192 2111 cap.
212 2074 261 2101 14.
276 2073 369 2102 affert
382 2074 477 2103 verba
492 2076 550 2105 ista
565 2076 664 2113 hujus
678 2075 786 2104 Satirae
804 2074 853 2104 16.
869 2085 898 2104 v.
914 2076 947 2104 2.

293 2115 328 2143 Si
340 2115 504 2146 subeuntur
511 2128 569 2156 pro
576 2128 658 2155 spera
671 2122 782 2147 castra.

123 2156 289 2196 Quicquid
304 2159 356 2195 sit,
371 2159 404 2188 in
420 2168 456 2188 ea
471 2166 601 2190 notatur
618 2162 759 2190 militum
773 2160 962 2199 petulantia,

123 2200 203 2230 dum
218 2201 337 2230 militiae
351 2202 521 2231 commodo
535 2202 724 2233 referuntur.
767 2204 874 2233 Aiunt
888 2205 963 2234 vero

123 2243 257 2282 quidam
284 2244 421 2273 Satiram
438 2245 520 2274 hanc
540 2246 558 2274 a
583 2245 743 2275 Juvenale
765 2247 911 2284 scriptam
928 2248 963 2276 in

123 2285 280 2326 AEgypto,
302 2287 370 2326 quo
396 2288 552 2327 relegatus
569 2289 673 2318 fuerat
693 2290 760 2325 jam
779 2298 877 2318 senex
903 2291 962 2319 sub

121 2331 229 2368 specie
245 2329 374 2359 honoris
385 2339 421 2359 ac
437 2331 630 2369 praefecturae
647 2331 795 2368 cohortis,
807 2331 836 2360 id
849 2339 964 2370 agente

123 2381 182 2411 per
197 2372 348 2402 invidiam
361 2372 514 2403 histrione
531 2373 653 2409 Paride,
677 2383 774 2412 quem
789 2373 966 2405 offenderat

126 2415 193 2444 Sat.
210 2418 239 2446 7.
256 2425 286 2445 v.
303 2416 354 2446 90.
370 2416 420 2444 his
438 2417 548 2446 verbis.

214 2457 303 2491 Quod
316 2468 374 2487 non
391 2459 465 2487 dant
477 2469 629 2498 proceres,
647 2459 731 2489 dabit
748 2459 862 2489 his-[rio.

169 2502 200 2531 2.
223 2501 257 2529 Si
269 2501 434 2530 subeuntur
449 2510 594 2541 prospera
617 2503 736 2541 castra]
772 2503 805 2532 Si
821 2503 965 2534 felicibus

126 2545 276 2582 auspiciis
291 2544 403 2572 militia
427 2544 564 2583 ineatur,
589 2546 697 2584 qualia
721 2546 803 2574 mihi
826 2547 967 2586 contige-

129 2592 219 2622 runt,
246 2587 355 2625 inquit
381 2587 550 2617 ,Iuvenalis
581 2588 663 2617 cette
685 2589 816 2627 praemia
845 2589 966 2619 militia:

127 2632 219 2658 tanta
231 2634 319 2666 sunt,
340 2634 377 2658 ut
400 2639 438 2659 ea
460 2631 734 2669 contemplantem
752 2631 870 2668 cupido
894 2633 969 2662 arri-

131 2671 198 2709 piat
212 2671 381 2710 militandi,
398 2673 458 2701 etsi
475 2673 606 2711 pavidus
624 2679 692 2712 tyro
708 2674 834 2702 fuerim.
882 2674 969 2705 Istud

131 2715 206 2743 vero
226 2714 300 2743 dicit
315 2714 495 2753 Juvenalis,
521 2723 557 2745 ut
572 2716 727 2755 significet
745 2716 846 2746 Paridi
860 2725 893 2746 se
906 2727 970 2747 non

132 2757 194 2786 hoc
212 2757 311 2785 exilio
327 2759 470 2796 cruciari,
494 2759 560 2788 imo
583 2759 702 2796 laetari3
726 2765 826 2797 atque
852 2767 889 2790 ut
910 2761 971 2799 ipsi

132 2798 237 2828 Paridi
252 2799 428 2830 molestiam
447 2803 475 2831 &
490 2802 640 2831 invidiam
657 2801 776 2831 exinde
790 2808 884 2832 creet.

176 2843 208 2871 3.
231 2841 344 2879 Porta]
367 2841 502 2881 Duplex
520 2850 585 2874 erat
600 2849 774 2874 castrorum
788 2843 889 2874 Porta.
912 2845 969 2874 Al-

134 2889 200 2914 tera
214 2884 377 2913 dicebatur
400 2884 556 2925 Ρτιειονία,
572 2897 643 2926 quae
667 2887 706 2916 ad
723 2887 828 2916 hostes
848 2894 970 2925 specta-

133 2926 208 2955 bat:
232 2928 329 2956 altera
342 2926 533 2967 Decumum,
558 2940 613 2969 per
629 2939 727 2968 quam
752 2930 971 2960 educebantur

134 2969 173 2998 ad
189 2978 322 3008 poenam
339 2970 456 3000 milites
471 2972 707 3012 delinquentes.
752 2971 832 3001 Vide
852 2972 970 3012 Veget.

135 3012 174 3041 de
188 3013 234 3042 Re
253 3011 351 3041 Milit.
365 3013 393 3041 δι
412 3013 501 3052 Lips.
516 3015 556 3044 de
571 3016 669 3045 Milit.
686 3015 779 3045 Rom.

178 3056 209 3085 4.
232 3052 386 3090 Plus-fati
397 3057 480 3086 valet
496 3056 570 3088 hora
585 3058 721 3098 benigni,
734 3057 800 3096 csta]
831 3056 876 3086 Ut
890 3057 971 3087 mili-

134 3097 178 3128 tia
191 3098 232 3128 sit
246 3097 326 3128 felix
343 3097 416 3137 plus
428 3099 514 3131 valet
525 3110 562 3131 ac
573 3101 649 3133 facit
664 3101 820 3140 benignus
835 3099 972 3131 siderum

1002 1779 1160 1812 aspectus,
1191 1775 1219 1804 8:
1249 1774 1353 1804 fatum
1383 1783 1585 1813 prosperum,
1616 1774 1715 1812 quarn
1747 1775 1847 1814 ipsius

1003 1816 1114 1846 Martis
1140 1817 1227 1846 favor
1242 1818 1298 1848 tibi
1313 1817 1505 1847 conciliatus
1530 1826 1585 1854 per
1608 1817 1710 1847 literas
1734 1820 1844 1848 amicae

1003 1859 1152 1898 Veneris,
1178 1860 1227 1889 vel
1244 1860 1352 1890 matris
1369 1861 1439 1897 ejus
1454 1859 1596 1890 Junonis
1613 1862 1846 1892 commendati-

1007 1908 1075 1932 tias.

1047 1947 1076 1974 5.
1105 1944 1241 1983 Veneris]
1264 1945 1345 1975 Vide
1360 1945 1490 1975 initium
1507 1944 1612 1974 Carm.
1629 1945 1781 1975 Lucretii.

1047 1989 1077 2018 6.
1103 1987 1204 2017 Sami&
1227 1988 1375 2027 genitrix,
1406 1988 1471 2026 lgm]
1504 1987 1595 2018 Juno
1619 1988 1730 2018 Martis
1758 1990 1846 2028 geni-

1004 2031 1080 2069 trix,
1112 2041 1183 2070 quae
1210 2031 1373 2061 colebatur
1399 2030 1487 2070 apud
1520 2031 1669 2067 Samum,
1706 2042 1847 2071 quzeque

1004 2075 1138 2112 proinde
1164 2075 1305 2104 Insulam
1335 2075 1418 2103 hanc
1453 2073 1616 2112 diligebat.
1662 2074 1714 2104 De
1748 2075 1846 2106 Samo

1007 2116 1093 2147 Vide
1107 2119 1167 2147 Sat.
1185 2118 1216 2145 5.
1232 2128 1262 2146 v.
1280 2118 1330 2147 70.
1346 2118 1455 2155 ibique
1472 2117 1596 2146 Annot.

1050 2161 1082 2190 8.
1102 2160 1151 2189 Ne
1169 2165 1198 2189 te
1218 2160 1343 2198 pulsare
1361 2163 1484 2200 togatus
1501 2159 1623 2197 aurseat]
1648 2160 1728 2190 Haec
1746 2161 1849 2199 prima

1007 2208 1054 2232 est
1070 2204 1185 2234 utilitas
1199 2203 1422 2240 militantium,
1439 2202 1525 2241 quo‘l
1543 2211 1595 2232 eos
1611 2203 1731 2233 civium
1749 2214 1847 2235 nemo

1007 2248 1094 2276 ausit
1116 2245 1289 2284 offendere,
1314 2246 1380 2275 imo
1403 2246 1542 2284 quisque
1565 2246 1677 2275 timeat
1701 2256 1736 2276 ac
1759 2256 1847 2277 teve-

1009 2294 1124 2319 reatur.

1057 2331 1204 2373 Togatus]
1227 2331 1327 2361 Domi
1344 2338 1464 2370 togam,
1488 2331 1609 2361 militiae
1627 2341 1737 2371 sagum
1761 2342 1849 2373 gere-

1008 2374 1096 2406 bant.

1052 2419 1082 2448 9.
1118 2416 1315 2458 Dissimulet]
1362 2415 1445 2446 Nam
1478 2418 1716 2456 conquerendo,
1754 2420 1783 2449 &
1817 2420 1850 2450 in

1005 2462 1058 2498 jus
1077 2461 1229 2490 trahendo
1251 2462 1399 2496 militem,
1423 2459 1503 2489 nihil
1517 2460 1695 2499 proficeret.
1711 2461 1778 2491 imo
1791 2463 1851 2493 sibi

1010 2513 1127 2534 novam
1152 2509 1324 2533 accerseret
1353 2503 1502 2540 injuriam
1531 2503 1548 2531 a
1577 2504 1852 2536 commilitonibus

1010 2548 1080 2584 ejus
1106 2547 1162 2585 qui
1179 2546 1329 2585 pulsavit,
1344 2552 1448 2583 partes
1465 2546 1563 2584 ipsius
1579 2556 1636 2585 per
1658 2546 1703 2576 fas
1720 2548 1747 2577 Sc
1762 2549 1852 2580 nefas

1011 2591 1188 2619 tuentibus.

1059 2633 1110 2661 10.
1135 2630 1278 2668 Proetori]
1303 2631 1366 2659 Seu
1385 2630 1582 2667 judiciorum
1605 2641 1663 2662 seu
1680 2638 1852 2664 castrorum

1013 2673 1177 2704 Praefecto.

1060 2720 1108 2746 11.
1134 2716 1251 2755 Offzm]
1288 2715 1492 2754 Cicatricem,
1520 2718 1658 2748 vibicem
1687 2719 1719 2748 in
1744 2719 1854 2758 vultu,

1015 2760 1116 2789 caruis
1132 2767 1292 2789 tumorem
1310 2767 1346 2787 ac
1361 2759 1494 2789 livorem
1510 2770 1552 2790 ex
1568 2763 1780 2799 percussione.

1062 2803 1111 2831 12.
1137 2801 1246 2830 Oculos
1274 2799 1396 2829 Medico
1425 2801 1469 2831 nil
1489 2804 1689 2842 promittente
1716 2803 1854 2846 relictos]

1015 2843 1075 2873 Vel
1092 2845 1242 2880 alterum,
1266 2845 1316 2873 vel
1341 2850 1520 2884 utrumque
1536 2847 1670 2876 oculum
1689 2848 1754 2876 ictu
1778 2856 1856 2877 con—

1015 2891 1139 2923 tusum,
1153 2887 1280 2916 tanturn
1298 2895 1361 2916 non
1379 2897 1576 2927 excussum3
1601 2898 1697 2926 atque
1713 2889 1756 2917 ita
1772 2890 1857 2919 male

1014 2929 1182 2967 affectum,
1199 2937 1235 2959 ut
1247 2930 1429 2968 periculum
1444 2933 1483 2960 sit
1498 2932 1647 2970 perdendi
1661 2931 1744 2960 vistis
1760 2932 1857 2962 nihil-

1015 2981 1080 3010 que
1095 2977 1186 3002 certae
1203 2973 1271 3011 opis
1294 2983 1330 3002 ac
1352 2973 1460 3004 salutis
1483 2975 1599 3004 audeat
1613 2974 1769 3012 spondere
1785 2975 1858 3005 Me-

1016 3014 1117 3044 dicus.

1062 3059 1111 3087 13.
1136 3057 1304 3088 Bardiaeus
1318 3059 1423 3089 Judex
1440 3059 1540 3096 datur,
1565 3057 1630 3096 εμπ]
1660 3057 1758 3090 Quod
1772 3060 1799 3089 si
1813 3065 1858 3090 to-

1018 3105 1111 3140 gatus
1134 3101 1152 3132 a
1166 3102 1269 3132 milite
1286 3102 1377 3133 laetus
1394 3101 1565 3131 vindictam
1580 3106 1680 3141 petat,
1697 3103 1778 3134 nihil
1795 3104 1862 3144 agit
