1948 3281
631 78 966 129 JUVENALIS
998 87 1212 131 SATIRA
1243 91 1300 133 X.

99 181 358 224 Damnatos:
391 175 499 218 idem
525 177 714 232 populus,
747 177 779 218 si
802 171 978 220 Nurscia
998 180 1134 221 Tusco

100 238 293 285 Favisset‚
319 234 350 276 si
371 248 560 289 oppressa
581 235 683 275 foret
708 249 845 277 secura
867 246 1051 277 senectus

100 293 296 348 Principis
316 308 325 333 ι
361 293 434 332 hac
458 292 543 346 ipsit
564 292 755 346 Sejanum
780 293 928 333 diceret
950 295 1050 334 hora

1741 96 1817 142 179

1300 185 1392 221 atque
1421 184 1603 222 proscriptos
1636 192 1804 216 mersatur.

1300 226 1395 258 Quod
1433 227 1459 255 si
1491 226 1623 256 Nurscia
1657 229 1806 259 Hetrusca

1294 269 1430 305 propitia
1447 269 1578 305 ficisset,
1602 270 1628 298 si
1658 274 1724 300 tuta
1754 282 1802 300 se-

1298 314 1385 339 necta
1417 311 1611 350 Imperatoris*
1634 314 1801 342 succubuit·

1232 239 1282 284 75

96 353 353 407 Augustum.
411 349 503 389 Jam
531 347 699 402 pridem,
730 363 776 389 ex
799 365 882 404 quo
905 350 1090 407 suffragia
1112 351 1212 392 nulli

727 407 836 447 Nam
860 408 930 462 qui
953 407 1069 448 dabat
1091 408 1190 449 olim

97 464 338 519 Imperium,
369 462 514 512 fasces,
545 462 739 518 legiones,
770 464 925 514 omnia,
957 479 1067 505 nunc
1089 479 1130 505 se

96 521 312 570 Continet,
343 530 462 574 atque
483 520 581 560 duas
604 519 762 560 tantum
787 534 846 560 res
867 521 1011 562 anxius
1033 530 1148 577 optat

651 576 850 618 Perituros
871 577 992 618 audio
1015 579 1167 620 multos
1185 594 1194 618 ε

92 635 166 676 Nil
191 634 388 676 dubium:
423 647 570 688 magna
590 642 648 673 est
669 633 900 674 fornacula:
939 635 1153 690 pallidulus
1175 637 1233 676 m‘i

91 691 301 734 Brutidius
323 705 437 732 meus
459 692 505 731 ad
529 690 674 730 Martis
690 690 766 730 fuit
788 690 931 732 obvius
953 706 1076 732 aram.

96 407 343 457 vendimus,
375 405 517 461 effugit
538 420 667 446 curas.

97 578 264 628 Panem,
300 578 339 617 St
361 576 588 618 Circenses.

1296 358 1353 389 set,
1377 354 1477 383 eadem
1490 354 1576 392 pletas
1590 354 1647 383 hac
1669 356 1734 393 ipsaei
1753 356 1802 384 leo-

1296 395 1331 424 νιὶ
1347 394 1488 433 Βῇγάπιιιη
1505 397 1586 435 Aug1
1598 401 1674 428 stum
1689 407 1800 427 nuncu-

1288 442 1390 476 paret.
1437 439 1508 468 Jam
1533 440 1642 468 (ludum
1674 442 1692 469 (ὶ
1718 446 1799 470 tem·

1292 490 1368 518 pore
1397 491 1454 519 quo
1482 482 1632 520 suffragiu
1661 492 1718 511 non.
1748 493 1800 512 ve-

1227 523 1280 564 80
1293 524 1468 553 numdamus
1493 526 1644 564 cuiquam,
1670 526 1795 554 mitat-it

1291 565 1517 596 sollicitudines.
1584 567 1708 597 Etenim
1743 568 1797 606 qui

1286 609 1405 646 pridem
1440 609 1627 649 largiebatur
1659 614 1794 648 potesta-

1292 655 1362 688 tem,
1391 651 1509 690 fasces,
1545 653 1688 693 legiones,
1726 654 1795 682 uni-

1288 703 1384 731 versa,
1390 695 1460 732 jam
1475 705 1505 724 se
1519 698 1646 734 coercet,
1656 706 1693 725 uc
1709 696 1795 726 binas

1288 736 1447 766 dumtazac
1472 748 1517 768 res
1538 739 1617 776 petit
1631 739 1793 775 sollicitus,

87 788 209 818 panem,
231 782 322 816 atque
337 778 428 807 ludos
446 776 536 806 Circi.
581 774 732 805 Plurimos
745 776 859 815 accipio
872 777 1038 807 morituros.
1082 778 1153 807 Non
1164 778 1280 808 incerta
1305 789 1350 809 res
1366 786 1421 809 est.
1464 780 1578 821 Ingens
1590 785 1633 810 est
1648 783 1793 811 caminus.

94 821 253 851 Bmtidius
276 830 354 850 meus
367 820 525 850 familiaris
541 817 665 857 pallens
676 819 816 857 occurrit,
836 818 1010 858 milziprope
1026 819 1145 851 IlIartis
1159 822 1257 851 oedem.

137 948 460 990 Sequiturfbrtunam]
503 948 591 978 Tull.
615 949 653 978 ad
666 948 826 979 Heren.4.
880 947 920 979 Ut

93 990 262 1023 hirundines
289 993 389 1021 aestivo
416 996 545 1030 tempore
565 995 677 1029 praesto
700 995 782 1029 sunt,
795 992 920 1032 fiigore

86 1038 183 1074 pulsae
198 1035 335 1065 recedunt
347 1046 356 1063 .-
382 1034 515 1071 z'tafalsi
529 1034 618 1063 amici
639 1044 741 1063 sereno
756 1035 826 1064 vitae
843 1038 917 1064 tem-

88 1088 164 1117 pore
181 1081 293 1117 praesto
306 1081 376 1107 sunt
388 1087 401 1112 ,·
423 1076 512 1106 simul
528 1081 619 1116 atque
635 1076 764 1116 hyemem
780 1077 919 1114 sortunae

93 1122 238 1158 uiderint,
261 1121 399 1149 devolant
413 1130 522 1149 omnes.

137 1163 213 1193 Odit
230 1163 401 1200 damnatos]
426 1163 477 1192 Sic
493 1163 618 1193 mobilis
636 1164 664 1192 δε
679 1162 862 1193 inconstans
874 1169 921 1194 est

93 1207 220 1236 animus
233 1206 333 1245 vulgi,
357 1206 423 1235 imo
439 1205 564 1235 infidus.

136 1251 175 1279 74
211 1249 244 1277 Si
268 1248 399 1277 Nurscia
429 1247 522 1278 Tusco
538 1248 689 1288 favisset]
714 1248 748 1278 Si
773 1249 919 1279 Thusco-

93 1301 165 1321 rum
182 1291 252 1321 Dea
275 1291 406 1321 Thusco
432 1291 489 1320 sibi
517 1291 653 1330 propitia
680 1293 708 1321 &c
734 1291 918 1331 adjuvante,

93 1334 228 1372 Sejanus
240 1334 368 1363 Tiberio
387 1339 545 1372 superstes
562 1334 652 1364 foret.

133 1376 282 1415 Nurscia]
308 1376 444 1406 Etruscae
471 1377 571 1413 hujus
594 1377 672 1406 Deae
700 1376 849 1406 meminit
865 1376 921 1406 Li-

92 1420 162 1449 vius
188 1420 242 1450 lib.
269 1421 299 1450 7.
331 1428 399 1457 cap.
428 1420 457 1448 3.
502 1418 719 1449 Tertullianus
745 1420 918 1458 Apologet.

87 1462 235 1493 adversus
249 1466 358 1501 gentes
374 1461 444 1500 cap.
460 1463 512 1491 24.
530 1463 573 1492 ita
588 1463 712 1491 scribit:
753 1462 918 1501 Unicuique

89 1505 181 1533 etiam
208 1504 375 1534 Provincia:
399 1507 421 1543 (3·
449 1505 569 1534 civitati
595 1515 666 1534 suus
688 1504 774 1534 Deus
800 1508 856 1543 est,
884 1510 918 1535 ut

96 1546 191 1587 Syriae
206 1548 357 1585 Astartes,
378 1551 415 1576 ‘ut
428 1547 548 1576 Aralioe
565 1547 693 1577 Disares
857 1569 866 1577 .
914 1570 921 1578 .

89 1612 317 1621 .....
346 1589 565 1619 Asculanorum
577 1590 725 1627 Ancaria,
754 1589 918 1620 Volsinien-

87 1633 165 1662 sium
178 1632 308 1670 Nursia,
335 1632 579 1662 Ocriculanorum
605 1631 756 1671 Valentia,
778 1634 917 1663 Sutrino-

90 1685 156 1705 rum
171 1675 296 1712 Nortia,
321 1676 378 1704 ἃς.
424 1674 476 1704 Ex
491 1675 539 1705 his
556 1681 657 1713 patet,
681 1685 747 1705 non
773 1686 839 1705 esse
866 1677 919 1707 hic

90 1717 280 1758 legendum,
323 1715 443 1755 Nortia,
479 1718 741 1756 quandoquidem
784 1719 919 1756 Sejanus

88 1759 239 1791 Volsiniis
269 1766 376 1797 natus,
414 1767 493 1790 teste
522 1760 668 1790 Cornelio
696 1761 828 1799 Tacit03
864 1762 917 1792 hic

90 1810 198 1833 autem
226 1804 266 1834 ‹le
292 1804 388 1842 patria
403 1803 510 1840 Sejani
524 1802 594 1832 Dea
608 1803 755 1841 loquitur
768 1804 915 1834 Juvena-

85 1845 136 1875 lis.
179 1847 272 1876 Porro
287 1846 339 1875 illa
355 1851 420 1876 erat
433 1844 555 1883 Nurtz'a,
581 1846 630 1874 vel
642 1845 786 1883 Nurscia,
809 1853 847 1876 ut
862 1847 915 1878 ha-

87 1887 165 1919 bent
191 1889 325 1927 quidam
354 1888 478 1918 codices
505 1889 726 1926 manuscripti,
753 1890 780 1918 δε
809 1890 917 1919 asserit

85 1929 214 1970 Lipsius
230 1933 263 1961 in
275 1930 377 1961 Tacit.
422 1931 488 1960 Alii
503 1936 612 1960 tamen
625 1931 753 1969 legunt,
775 1930 889 1960 Nersia
901 1943 912 1960 .-

85 1973 151 2012 alii,
167 1974 302 2012 Illursia,
318 1974 368 2004 vel
380 1973 518 2002 Nursina
529 1983 544 2008 ‚·
566 1973 661 2009 male,
675 1979 712 2002 ut
726 1973 860 2004 videtur.

128 2018 179 2046 75.
203 2016 238 2047 Si
253 2016 485 2055 oppressaforet
497 2025 602 2045 secura
623 2015 771 2054 senectus]
808 2017 842 2046 Si
857 2017 912 2047 Ti-

84 2058 189 2089 berius
199 2065 256 2089 aut
271 2060 358 2088 senio
373 2058 535 2088 confectus
549 2059 698 2096 obiisset3
722 2063 778 2088 aut
787 2059 853 2096 jam
866 2070 912 2089 se-

83 2110 162 2139 nex,
188 2101 218 2130 &.
233 2102 313 2131 nihil
327 2101 389 2131 tale
404 2101 445 2130 ob
462 2110 500 2130 eo
514 2110 612 2140 quern
627 2100 761 2140 Imperii
785 2110 910 2132 consor-

83 2147 151 2173 tem
166 2144 296 2181 fecerat,
321 2150 479 2181 metuens,
503 2143 522 2173 a
545 2144 658 2181 Sejano
682 2144 833 2183 regnandi
853 2155 912 2175 cu-

83 2185 159 2223 pido
174 2187 255 2216 foret
270 2195 446 2225 oppressus.

126 2231 177 2259 77.
199 2229 371 2271 Augustum
387 2229 514 2267 diceret]
537 2227 767 2267 Imperatorem
785 2230 908 2267 procla-

83 2277 196 2310 maret,
219 2272 366 2301 laudibus
383 2271 552 2301 extolleret
568 2271 656 2300 hunc
673 2272 792 2309 ipsum,
808 2281 906 2310 quem

81 2315 179 2344 modo
194 2315 260 2344 odit
275 2324 311 2343 ac
327 2314 510 2344 detestatur.

122 2357 193 2387 Jam
207 2358 335 2396 pridem,
351 2367 387 2386 er
403 2366 472 2394 quo,
486 2356 554 2394 ἔξω]
582 2355 743 2395 ignaviam
761 2357 788 2385 δι
803 2365 904 2387 socor-

80 2397 164 2429 diam
199 2400 314 2439 Populi
353 2400 489 2429 Romani
526 2400 705 2438 perstringit
730 2399 906 2429 Juvenalis.

79 2440 154 2471 Jam
171 2442 305 2480 dudum,
321 2442 438 2481 inquit,
451 2448 594 2472 assuetus
611 2448 656 2470 est
668 2443 748 2480 jugo
765 2443 904 2480 populus

80 2482 240 2515 Romanus
254 2486 335 2515 orbis
350 2485 426 2514 olim
445 2485 618 2521 Dominus,
636 2485 662 2513 ἀ
682 2484 818 2522 Imperia
830 2486 904 2521 jure

79 2534 138 2555 suo
153 2527 304 2567 largiens,
329 2537 387 2557 nec
412 2528 550 2558 oblatam
575 2527 796 2565 recuperandae
813 2527 902 2557 liber-

78 2569 149 2597 tatis
165 2571 360 2601 occasionem
387 2580 474 2600 nunc
490 2570 649 2606 arriperet.
696 2569 802 2608 Unde,
814 2579 901 2608 pere-

80 2618 158 2640 unte
179 2612 316 2650 Tiberio,
340 2614 493 2650 Sejanum
516 2620 631 2650 sponte
648 2611 828 2641 Dominum
854 2623 904 2643 ac-

79 2653 226 2692 cepisset,
247 2655 273 2684 si
286 2655 365 2684 forte
380 2656 433 2685 ille
446 2661 604 2695 superstes
622 2654 789 2684 extitisset.

119 2696 293 2737 Suffragia]
316 2697 400 2727 Vide
416 2699 514 2728 Alex.
530 2699 568 2726 ab
586 2699 679 2726 Alex.
695 2696 749 2725 lib.
765 2698 794 2725 4.
811 2707 840 2726 c.
857 2699 889 2727 5.

118 2738 279 2780 Suffragia
302 2742 377 2768 nulli
402 2740 567 2778 vendimus]
590 2740 684 2768 Tune
714 2740 800 2768 enim
827 2740 901 2771 cum

77 2779 221 2819 Populus
242 2783 406 2812 Romanus
425 2784 477 2820 jus
493 2783 695 2812 comitiorum
711 2785 738 2810 ὅ(
754 2783 904 2812 creando·

77 2833 149 2853 rum
177 2824 422 2862 Magistratuum
453 2826 616 2861 retinebat,
646 2825 703 2862 qui
735 2825 900 2864 petebant,

77 2866 221 2896 certatim
237 2867 424 2897 muneribus
450 2869 478 2896 ὅ(
494 2867 710 2907 largitionibus
726 2868 839 2905 populi
855 2868 898 2897 fa-

74 2916 182 2939 vorem
207 2909 235 2938 &
263 2908 408 2948 suffragia
438 2911 669 2940 mercabantur.
716 2909 802 2938 Hinc
826 2909 899 2939 Plu-

75 2951 201 2980 tarchus
215 2952 248 2981 in
272 2951 442 2981 Coriolano
465 2953 569 2982 scribit
593 2952 662 2981 sero
679 2952 809 2989 quidem
827 2962 896 2990 pro-

75 2994 195 3031 rupisse
224 2994 422 3032 emptionem
454 2994 647 3033 dignitatum
675 3003 711 3023 ac
743 2994 896 3024 venditio-

75 3044 162 3073 nem,
183 3042 282 3075 atque
299 3036 378 3066 inter
394 3037 554 3067 concionis
569 3036 715 3077 suffragia
729 3041 896 3077 argentum

74 3085 139 3107 sese
153 3079 324 3110 miscuisse.
370 3078 412 3109 Et
429 3080 555 3111 Petron-

1006 949 1075 980 Nec
1090 951 1186 981 minor
1200 951 1230 981 in
1247 952 1450 991 camposuror
1463 957 1506 982 est
1518 963 1531 988 ;
1553 954 1703 992 emptique
1720 954 1791 987 Qui-

1049 994 1121 1023 rites

1005 1036 1058 1065 Au
1073 1037 1208 1075 praedam
1232 1037 1446 1077 strepitumque
1470 1037 1546 1068 lucri
1560 1039 1712 1078 suffragia
1728 1049 1791 1068 ver-

1048 1082 1128 1108 tunt.

1011 1120 1132 1152 Venalis
1138 1124 1280 1161 populus,
1303 1123 1420 1154 venalis
1436 1123 1530 1153 Curia
1539 1127 1674 1164 patrum.

1006 1163 1064 1193 Est
1069 1164 1167 1202 favor
1179 1166 1210 1195 in
1222 1166 1335 1205 pretio,
1350 1168 1408 1196 dcc.

965 1206 1115 1237 Lucanus
1130 1208 1184 1237 lib.
1206 1210 1232 1239 1.

1144 1250 1340 1291 Letlzalisque
1355 1252 1486 1282 ambitus
1500 1252 1566 1281 urbi

1006 1292 1119 1322 Annua
1135 1294 1236 1323 venali
1250 1295 1384 1333 referens
1397 1296 1562 1324 certamina
1579 1306 1692 1334 campo.

1006 1336 1055 1365 78.
1081 1335 1207 1376 Effugit
1222 1338 1324 1376 curas]
1363 1338 1625 1367 Administrandae
1647 1339 1789 1377 Reipub-

962 1377 1029 1406 licae
1045 1379 1074 1408 ὅ(
1089 1379 1310 1418 eligendorum
1321 1380 1566 1419 Magistratuum
1582 1381 1724 1419 Populus
1735 1383 1787 1412 ab·

958 1421 1037 1457 jecit
1064 1431 1173 1450 curam
1187 1434 1194 1451 ι
1222 1423 1304 1452 hane
1334 1429 1442 1452 autem
1473 1423 1614 1452 invasere
1643 1425 1788 1463 cupidine

962 1463 1061 1502 Sylla,
1084 1464 1193 1494 Julius
1223 1466 1338 1503 Caesar,
1361 1465 1542 1504 Augustus,
1567 1467 1593 1495 δι
1622 1466 1675 1496 alii
1700 1467 1786 1500 deiu-

961 1514 1036 1544 ceps
1052 1506 1269 1545 Imperatores.

1008 1548 1068 1582 Qui
1084 1549 1178 1578 dabat
1192 1550 1274 1588 olim,
1288 1550 1355 1589 ξω]
1373 1550 1515 1589 Populus
1532 1550 1655 1581 Roman
1663 1562 1696 1581 us
1709 1553 1787 1583 Pren-

963 1590 1098 1621 secturas
1114 1592 1191 1622 olim
1204 1594 1300 1631 pleno
1312 1594 1398 1631 jure,
1422 1594 1549 1622 summa
1563 1594 1718 1633 libertate,
1741 1597 1785 1626 di·

962 1635 1130 1672 stribuen5‚
1149 1636 1217 1673 jam
1233 1636 1366 1676 ignavus
1383 1635 1506 1674 residet,
1521 1646 1557 1665 ac
1570 1639 1788 1670 monarchiam

962 1678 1094 1714 patitur.
1139 1677 1298 1708 Plutarch.
1315 1679 1409 1708 citato
1424 1679 1493 1707 loco
1511 1684 1653 1717 testatur,
1675 1680 1692 1709 ὲ
1708 1691 1788 1710 ven-

961 1719 1083 1749 ditione
1108 1720 1344 1759 suffragiorum,
1370 1721 1448 1751 hinc
1472 1721 1680 1760 judiciorum,
1710 1724 1786 1753 hinc

959 1763 1162 1792 exercituum
1174 1764 1387 1803 corruptelam
1402 1764 1497 1793 unius
1510 1764 1720 1795 dominationi
1735 1776 1785 1796 ur-

958 1803 1032 1833 bem
1055 1805 1232 1841 subjecisse.

1001 1848 1051 1877 79.
1074 1847 1197 1886 Fasces]
1222 1849 1438 1883 Dictaturam,
1452 1848 1679 1888 Consulatum,
1695 1853 1754 1881 Sec.

999 1887 1167 1930 Legiones]
1182 1890 1413 1927 Tribunatum,
1434 1892 1650 1929 przefecturam
1668 1895 1784 1924 milita-

956 1941 1034 1961 rem.
1079 1932 1164 1961 Vicle
1178 1934 1242 1963 Sat.
1260 1935 1290 1962 3.
1310 1943 1337 1963 v.
1354 1935 1423 1963 182.
1445 1935 1470 1962 ἁ·
1485 1934 1560 1963 ibid.
1575 1935 1697 1964 Annot.

999 1975 1092 2004 Nunc
1119 1984 1151 2004 se
1179 1976 1332 2014 continet]
1354 1976 1521 2005 Libertatis
1549 1986 1583 2005 ac
1613 1979 1782 2014 majestatis

955 2017 1094 2055 pristinae
1117 2017 1246 2056 oblitus,
1269 2020 1342 2048 satis
1366 2018 1462 2048 habet
1480 2019 1630 2055 victitare,
1659 2021 1786 2051 &ludis

955 2059 1025 2090 frui.

999 2102 1049 2133 80.
1073 2104 1195 2134 Anxius
1206 2103 1309 2143 optat]
1331 2103 1416 2133 Vide
1431 2105 1495 2134 Sat.
1512 2105 1542 2136 3.
1565 2115 1592 2134 v-
1607 2106 1682 2134 223.

997 2146 1049 2176 81.
1074 2145 1204 2185 Panem]
1228 2146 1348 2176 Cibum
1362 2148 1538 2186 exiguum3
1563 2147 1782 2178 frumentarias

953 2192 1094 2227 tesseras,
1117 2189 1157 2219 de
1185 2189 1303 2227 quibus
1331 2190 1395 2219 Sat.
1428 2192 1457 2220 7.
1482 2200 1544 2219 ver.
1564 2191 1632 2221 174.
1678 2192 1728 2221 Sic
1750 2194 1779 2221 &-
1825 2199 1828 2203 ·

951 2228 1084 2261 Tacitus
1098 2232 1217 2261 Histor.
1243 2232 1369 2272 Vulgus,
1392 2232 1510 2271 inquit,
1533 2234 1582 2261 cui
1596 2243 1653 2262 una
1669 2243 1706 2261 ex
1719 2233 1781 2263 Re-

945 2273 1071 2310 publica
1087 2284 1215 2303 annonae
1235 2284 1318 2304 cura.
1363 2275 1449 2304 Sunt
1464 2277 1521 2313 qui
1536 2277 1655 2314 legant,
1677 2276 1780 2315 Pana,

950 2316 1204 2357 intelliguntque
1221 2317 1414 2356 Lupercales
1431 2317 1539 2346 Ludos
1566 2320 1597 2347 in
1624 2319 1779 2349 honorem

950 2357 1062 2388 Panos.
1106 2360 1183 2396 Alii,
1212 2370 1348 2398 pannum
1363 2371 1376 2394 ;
1412 2359 1570 2398 aiuntque
1595 2361 1653 2389 hoc
1682 2360 1781 2391 fuisse

948 2402 1062 2441 aurigis
1085 2403 1254 2432 victoribus
1276 2403 1457 2442 praemium.
1502 2402 1623 2433 Verum
1644 2410 1781 2442 utraque

949 2443 1015 2473 haec
1032 2445 1125 2474 lectio
1139 2446 1279 2482 rejicitur
1294 2446 1310 2474 ὲ
1326 2444 1541 2482 doctioribus;
1567 2446 1595 2473 dc
1613 2452 1718 2475 nostra
1734 2455 1777 2476 ex

948 2487 1079 2525 optimis
1093 2488 1331 2526 exemplaribus
1348 2487 1514 2516 stabilitur.

991 2528 1161 2569 Circenses]
1208 2530 1372 2559 Ludorum
1409 2529 1652 2559 oblectamenta.
1695 2530 1777 2562 Vide

948 2580 1020 2609 quae
1039 2573 1145 2601 notavi
1160 2573 1197 2601 ad
1214 2573 1278 2601 Sat.
1297 2574 1326 2600 13.
1350 2581 1378 2599 v.
1395 2572 1468 2599 223.

990 2613 1146 2644 Perituros
1161 2615 1250 2643 audio
1266 2613 1388 2651 multos]
1413 2613 1536 2642 Multos
1562 2615 1652 2644 aiunt
1678 2616 1695 2644 ὲ
1720 2617 1775 2647 Ti-

946 2655 1034 2685 berio
1061 2663 1165 2686 morte
1189 2655 1382 2686 afficiendos.
1429 2656 1584 2696 Dialogus
1600 2664 1646 2687 est
1659 2661 1775 2698 populi

947 2699 1111 2728 confictus.

991 2741 1040 2770 82.
1068 2741 1256 2779 Fornaculu]
1280 2741 1388 2771 Plures
1404 2748 1646 2781 consumptura.
1693 2744 1774 2776 Vide

945 2784 1053 2821 supra,
1069 2794 1122 2813 ver
1149 2785 1200 2813 61.

987 2825 1175 2863 Pallidulus]
1200 2826 1352 2857 Metuens
1367 2835 1408 2856 ne
1422 2827 1510 2856 velut
1527 2828 1634 2865 Sejani
1651 2831 1774 2860 amicus

944 2867 961 2896 a
977 2867 1107 2897 Tiberio
1124 2869 1342 2906 proscribatur.

986 2910 1036 2939 83.
1059 2910 1237 2952 Brutidius]
1265 2911 1364 2941 Hunc
1386 2912 1558 2942 Rhetorem
1586 2914 1612 2942 ἃ
1641 2913 1772 2944 Histori-

941 2961 1017 2981 cum
1032 2954 1175 2983 scribunt
1191 2954 1321 2984 Tacitus
1338 2956 1366 2984 ἃ
1383 2956 1518 2985 Seneca.

983 2995 1035 3024 Ad
1047 2995 1177 3034 ssIurtis,
1200 2995 1266 3037 ἐτι]
1306 2996 1343 3026 In
1360 2996 1441 3034 foro,
1460 2997 1558 3035 juxta
1573 2997 1675 3030 aedem
1689 2999 1772 3031 Mar.

942 3037 978 3066 tis
996 3037 1112 3068 Ultoris
1126 3038 1189 3069 illic
1205 3040 1430 3080 propinquam.

896 3120 987 3161 N2
