1948 3281
121 95 175 135 64

118 184 204 214 Hinc
214 182 342 221 efficitur
361 186 397 213 ut
410 183 505 213 satius
518 183 623 213 ducam
640 183 764 224 Unde
786 183 845 233 fit,

119 237 181 256 esse
192 226 328 263 fratrem
348 226 521 265 gigantum.
563 226 624 255 Ni-

119 268 165 298 }u'l
201 269 297 308 igitur
332 268 449 305 infelici
483 268 623 306 contulit,

118 354 309 391 confodiebat
322 354 490 383 denudatus
502 358 624 383 venator
644 353 836 394 Venator.

118 397 157 426 in
177 406 269 447 arena
280 396 412 425 Albana.
461 397 536 426 Nam
559 397 624 434 quis
644 409 829 449 patricias
846 410 859 439 >

119 441 205 469 modo
220 448 275 467 non
300 454 306 466 ι
316 438 526 476 οηιρνεΙιεητΙατ
540 443 624 467 astus

627 93 653 136 J
656 93 958 137 UVENALIS
992 92 1209 138 SATIRA
1238 96 1317 139 IV.

878 192 922 224 ut
946 183 1085 224 malim
1106 184 1341 225 fraterculus
1362 194 1447 227 esse
1472 176 1700 243 gigantum.

645 239 796 280 Profuit
817 254 910 294 ergo
932 239 1030 280 nihil
1055 239 1218 290 misero,

118 311 200 350 quad
226 321 309 340 ursos
335 311 509 340 angdic„
530 311 622 349 prop&
644 295 807 352 Pigebat
822 296 1041 346 Numidas,
1064 296 1227 337 Albana
1247 299 1380 338 nudus
1402 302 1520 340 arena
1541 330 1576 344 ,⁴

896 352 1002 407 Quis
1023 352 1131 393 enim
1151 353 1235 407 jam
1257 368 1344 394 non
1363 354 1558 412 intelligat
1580 368 1680 399 artes

899 409 1004 465 Quis
1026 409 1204 462 priscum
1226 409 1323 450 illud
1347 412 1510 453 miretur
1531 428 1719 466 acumen,

1248 241 1358 296 quod
1380 244 1566 285 cominus
1589 260 1702 288 ursos

1739 297 1818 345 100

120 480 300 511 Nobilium?
350 481 423 514 Quis
459 481 623 509 admiretur
640 466 765 506 Brute
787 474 903 505 tuum
924 467 936 505 ?
976 465 1108 506 Facile
1128 476 1186 506 est
1208 466 1370 507 barbato
1390 467 1595 521 imponere
1615 471 1712 527 regi.

119 528 249 553 veterem
266 528 347 552 1*qu
360 523 621 560 istamsolffl‘tiflm,
640 523 732 562 Nec
755 522 896 562 melior
916 522 1029 562 vultu
1053 523 1236 577 quamvis
1254 523 1444 579 ignobilis
1465 525 1547 566 ibat

120 567 141 595 ὁ
168 567 263 595 Brute
277 566 290 594 .²
323 567 459 595 Arduum
494 575 549 594 non
578 569 623 593 est

119 609 254 646 decipere
267 609 421 638 barbatum
433 618 541 647 regem.
555 606 625 637 I‘nzt

643 577 833 629 Rubrius,
856 579 1022 620 offensae
1044 580 1184 620 veteris
1208 595 1311 630 reus,
1333 589 1454 635 atque
1473 583 1680 635 tacendae3
1737 586 1811 627 105

119 653 145 688 «ῖς
171 651 303 680 Rubrius
330 661 384 679 non
406 652 508 687 potior
521 650 622 689 fizcie,
643 636 695 676 Et
713 645 845 675 tamen
862 634 1084 690 improbior
1106 637 1276 678 satiram
1295 637 1491 678 scribente
1513 639 1669 680 cinaedo
1688 657 1697 680 :

120 703 291 732 qumquam
316 693 460 730 plebeius,
491 694 624 723 ⁶0⁷1⁸⁶iu⁸
643 691 835 732 Montani
857 707 1021 747 quoque
1036 703 1171 733 venter
1191 694 1302 735 adest
1323 693 1539 735 abdomine
1561 697 1720 738 tardus:

120 744 228 766 autem
242 737 348 773 prisce
363 734 453 772 culpe
486 738 508 773 ᾇ
533 735 622 765 silen-

119 779 166 808 εἰῶ·
174 790 187 813 ,·
201 788 237 807 ac
248 777 531 816 nilzilmnffmispejor
540 776 561 800 ⁷2<
571 778 592 801 >21
602 778 623 801 >'.<

119 821 239 850 satiras
250 824 446 857 componente.

121 863 275 892 distillans
288 873 446 902 amomum,

641 750 694 790 Et
714 748 914 790 matutino
938 750 1084 790 sudans
1107 750 1320 805 Crispinus
1337 765 1502 791 amomo
1519 768 1531 803 3

490 821 606 850 Praesto
628 821 718 850 etiam
732 822 801 859 fuit
824 821 974 852 IlIontam'
995 822 1081 852 alvus
1103 827 1206 852 ventre
1229 824 1349 853 lentus.-
1384 833 1438 853 aec
1464 832 1523 853 non
1543 823 1698 863 Crispinus
1726 824 1813 856 mane

120 1001 248 1032 Tullius
262 1003 293 1032 2.
322 1003 361 1032 de
377 1009 440 1033 nat.
459 1003 558 1034 Deor.
574 1015 606 1035 n.
622 1007 649 1035 7.
667 1006 694 1034 <Sc
725 1008 754 1035 1.
779 1007 818 1035 de
833 1005 943 1036 Dii-in.

122 1055 154 1074 n.
173 1046 223 1075 93.

163 1087 309 1127 Prodigio
320 1098 381 1126 par
397 1092 440 1116 est
457 1089 487 1118 1⁴72
502 1090 661 1119 nobilitate
676 1091 825 1129 senectus]
841 1091 945 1120 Nimi-

121 1130 204 1168 rum,
230 1137 266 1160 ut
292 1130 387 1169 supra
412 1131 566 1168 diximus,
588 1132 797 1163 Nobilitatem
820 1143 945 1171 semper

121 1173 257 1202 oderunt
279 1174 431 1211 Tyranni,
461 1175 489 1203 Sc
517 1176 591 1204 cum
616 1175 700 1213 licet,
728 1176 943 1214 pessumdant.

121 1215 210 1244 Hinc
225 1215 342 1245 Eccles.
362 1225 430 1254 cap.
450 1218 498 1245 10.
539 1216 835 1256 Omnispotentatz'zs
851 1219 945 1248 bret-is

120 1259 194 1287 situ.

165 1299 216 1329 98.
240 1298 354 1328 Malim
371 1300 566 1335 fraterculus
589 1312 650 1331 esse
672 1303 852 1342 gigantum]
875 1304 944 1334 Ma-

121 1343 179 1371 lim
200 1341 331 1371 humilis
345 1352 412 1371 esse
427 1352 460 1372 ac
477 1345 639 1382 obscurus,
657 1347 685 1374 δι’
702 1355 743 1375 ex
758 1356 873 1384 genere
886 1356 942 1376 eo-

121 1394 208 1420 rum,
235 1385 292 1423 qui
310 1387 471 1423 propterea
487 1386 639 1416 dicuntur
653 1388 755 1417 Terrae
770 1389 825 1417 filii
840 1399 875 1418 ac
898 1390 942 1428 gi-

121 1432 244 1467 gantes,
263 1428 279 1456 ὲ
296 1425 425 1464 γίνεσθαι
450 1429 476 1457 ἃ
493 1429 541 1466 γῆ.
575 1429 661 1459 Vide
686 1430 766 1460 Pers.
783 1432 847 1461 Sat.
865 1432 893 1460 6.
910 1442 943 1461 v.

122 1471 173 1499 57.
189 1471 218 1499 δι
234 1479 297 1508 seq.
317 1472 343 1498 <Sc
362 1480 431 1508 quse
447 1480 504 1500 nos
519 1472 595 1502 ibid.
612 1474 640 1502 δε
655 1473 741 1513 Ang.
756 1473 847 1504 Polit.
865 1474 946 1504 Mis·

121 1513 183 1542 cel.
200 1522 268 1550 cap.
289 1512 338 1541 18.

167 1555 219 1586 99.
244 1554 375 1593 Misero]
396 1555 519 1586 Juveni
533 1558 650 1588 Acilio.

169 1596 257 1631 Quod
272 1598 400 1627 comimis
412 1608 494 1629 ursos
499 1600 636 1640 figebat]
660 1600 735 1631 Non
749 1602 816 1632 sine
828 1611 945 1642 magno

123 1640 195 1671 titae
213 1640 366 1678 periculo,
382 1646 511 1679 captans
525 1644 654 1682 gratiam
670 1644 859 1683 Domitiani,
890 1648 946 1684 qui

124 1683 283 1721 gaudebat
308 1684 490 1714 venationes
514 1686 607 1715 edere
622 1689 827 1726 scenicosque
842 1688 947 1727 ludos,

124 1725 159 1755 in
184 1726 271 1755 Albae
287 1725 549 1766 Amphitheatro,
562 1729 638 1758 dum
656 1729 868 1768 Quinquatria
883 1731 945 1761 Mi-

123 1777 226 1797 nervae
243 1769 413 1807 quotannis
423 1770 612 1810 celebrabat,
623 1777 702 1801 teste
715 1774 804 1802 Suet.
821 1773 945 1804 Domit.

124 1820 195 1849 cap.
223 1814 252 1841 4.
284 1811 339 1839 ubi
364 1812 441 1841 feras
466 1814 540 1842 varii
565 1816 685 1853 generis
707 1821 859 1845 centenas
881 1817 948 1854 ipse

125 1854 278 1883 conficere
305 1860 371 1883 arte
397 1855 523 1885 summa
548 1857 764 1896 industriaque
787 1865 947 1897 spectatus

125 1901 183 1926 est.
229 1896 306 1926 lbid.
323 1905 392 1934 cap.
410 1898 457 1927 19.

172 1940 251 1969 100(
271 1937 361 1967 Ursos
370 1938 535 1979 Numidas]
570 1942 605 1971 Id
628 1948 686 1979 est,
708 1943 815 1974 leones
829 1945 946 1975 validos

121 1991 168 2011 ex
183 1992 220 2011 ea
236 1982 362 2020 regione
382 1983 509 2021 Africae,
526 1994 596 2022 quae
613 1986 706 2015 hodie
722 1985 945 2026 Biledulgerid.

124 2023 219 2054 Porro
244 2023 396 2053 Numidia
426 2027 549 2065 proprie
579 2027 672 2065 dicta,
715 2029 771 2057 sita
799 2036 863 2058 erat
892 2031 946 2059 ubi

123 2075 213 2096 nunc
225 2072 301 2096 sunt
315 2066 425 2106 Bugiae
443 2069 471 2097 ἃ
489 2068 704 2099 Constantina>
728 2080 822 2109 regna
843 2072 876 2101 in
901 2073 946 2102 di-

125 2109 215 2139 tione
240 2109 422 2147 Algeriana.
468 2111 621 2150 Magnam
651 2113 703 2142 hic
729 2113 817 2142 litem
844 2113 946 2144 Plinio

124 2158 259 2181 movent
278 2152 441 2190 nonnulli,
468 2163 565 2191 quam
598 2160 706 2185 tamen
732 2156 808 2185 scite
831 2156 947 2187 dirimit

124 2194 209 2224 Just.
230 2194 315 2232 Lips.
332 2194 432 2224 Elect.
458 2195 512 2225 lib.
529 2199 558 2225 2.
585 2207 653 2236 cap.
672 2201 702 2227 4.
732 2199 787 2227 ubi
804 2198 942 2229 Plinium

125 2237 247 2276 egregie
259 2237 408 2274 vindicat,
425 2239 622 2278 expeditque
635 2242 744 2270 locum
761 2242 828 2278 ejus
843 2241 896 2271 lib.
913 2243 941 2272 8.

123 2288 192 2317 cap.
206 2279 257 2309 526.
302 2279 402 2309 Arido
418 2282 500 2310 certe
516 2282 682 2321 calidoque
703 2284 770 2312 solo
787 2293 849 2312 non
867 2294 943 2324 gau-

123 2321 200 2351 dent
227 2323 299 2360 ursi,
326 2322 411 2351 unde
425 2324 507 2353 nulli
521 2332 596 2354 sunt
621 2327 653 2354 in
669 2326 789 2364 Africa,
816 2332 872 2355 aut
886 2329 942 2357 rari

121 2364 295 2394 admodum
310 2365 398 2403 iique
410 2367 574 2397 minutiae
587 2369 729 2398 imbelles
744 2369 779 2398 in
792 2374 942 2400 montana

123 2406 202 2435 forte
231 2408 336 2446 aliqua
363 2414 461 2445 parte.
519 2410 582 2439 Hic
616 2412 707 2450 igitur
744 2412 943 2451 intelligendi

121 2447 240 2487 leones,
264 2460 343 2488 quos
359 2452 489 2488 quidem
506 2453 560 2482 ubi
573 2455 709 2491 primum
722 2453 856 2483 Romani
870 2465 945 2485 con-

120 2498 310 2529 spexerunt,
336 2499 412 2523 noto
434 2496 564 2525 nomine
587 2506 621 2525 ac
645 2497 818 2526 domestico
833 2500 944 2536 appel-

121 2531 229 2563 labant
249 2544 345 2572 ursos,
370 2535 557 2567 Numidicos
571 2545 693 2577 autem,
716 2540 864 2578 Libycos,
889 2548 945 2571 aut

121 2574 303 2616 Africanos,
329 2581 367 2608 ad
393 2581 637 2612 distinctionem.
685 2582 781 2611 Unde
805 2583 833 2611 δι
857 2592 943 2613 corn-

122 2619 214 2646 muni
229 2628 374 2650 sermone
390 2624 541 2662 Virgilius
557 2623 682 2654 AEneid.
700 2626 730 2654 5.
754 2626 782 2654 3<
807 2628 836 2653 8.
850 2626 943 2664 dixit,

113 2658 226 2695 pellem
239 2661 411 2699 Libystidos
421 2676 506 2702 ursae,
519 2676 586 2704 pro,
602 2669 709 2697 leaenae.
737 2667 854 2706 Neque
870 2670 943 2699 vero

121 2709 319 2750 quemquam
338 2715 463 2736 movere
479 2709 571 2739 debet
586 2711 757 2740 auc20ritas
774 2711 941 2750 Herodoti,

116 2743 233 2814 golmi,
263 2746 434 2786 Strabonis,
463 2758 499 2779 ut
514 2752 606 2781 docet
629 2754 749 2782 ibidem
763 2753 851 2792 Lips.
869 2763 941 2783 eru-

139 2786 189 2815 rte.

157 2828 282 2859 Alban&
294 2832 402 2869 arenci]
424 2833 509 2863 Vide
523 2837 718 2874 superiorem
735 2838 863 2869 Noram.

157 2872 269 2902 Nudus
283 2875 420 2912 venator]
458 2877 533 2913 Vel,
559 2880 626 2908 sine
642 2882 745 2917 armis,
764 2883 790 2908 ὃς
808 2882 874 2910 5010
890 2891 938 2911 ro-

113 2913 187 2942 bore
210 2917 347 2953 corporis
362 2916 438 2946 feras
453 2919 633 2958 debellan53
662 2924 711 2951 vel
741 2924 837 2953 etiam
866 2925 935 2954 sine

116 2957 264 2994 vestibus,
299 2964 336 2987 ut
360 2961 533 2990 amentiam
570 2963 745 3002 simularet,
782 2967 933 3004 exemplo

114 2996 218 3035 Bruti,
248 3000 286 3028 de
303 3011 368 3038 quo
386 3011 463 3032 mox
481 3004 570 3032 infra.

987 1012 1067 1037 artes
1081 1007 1258 1045 Nobilium,
1285 1009 1340 1047 qui
1360 1012 1450 1038 metu
1477 1007 1584 1037 mortis
1609 1007 1810 1039 stoliditatem

986 1051 1152 1088 simulant,
1176 1051 1316 1081 Junium
1333 1051 1471 1080 Brutum
1483 1050 1656 1079 imitantes.

1030 1094 1099 1122 102.
1136 1094 1274 1123 Priscum
1300 1093 1379 1122 illud
1405 1102 1540 1130 acumen,
1569 1091 1678 1129 Brute,
1711 1093 1812 1131 luzam]

986 1134 1132 1166 Audiens
1148 1137 1233 1165 enim
1250 1136 1368 1165 Brutus
1384 1136 1509 1165 fratrem
1533 1144 1629 1164 suum
1655 1143 1730 1164 curn
1750 1137 1812 1174 pri-

988 1179 1128 1208 moribus
1159 1179 1291 1207 civitatis
1316 1178 1531 1215 interfectum,
1556 1177 1728 1214 Tarquinii
1752 1179 1812 1207 Su-

987 1221 1077 1258 perbi
1101 1221 1253 1250 avunculi
1281 1221 1330 1249 sui
1345 1221 1493 1249 sevitiam
1520 1219 1614 1249 elusit
1637 1220 1811 1257 stupidum

987 1272 1020 1291 se
1049 1264 1170 1303 fingens
1195 1273 1229 1292 ac
1252 1263 1407 1292 bardum:
1439 1263 1547 1300 sieque
1570 1262 1648 1290 iram
1665 1262 1815 1292 dissimu-

986 1304 1065 1343 lans,
1089 1308 1116 1335 Sc
1141 1316 1203 1335 suae
1227 1306 1297 1335 tum
1322 1306 1391 1334 vitre
1416 1305 1593 1341 consuluit,
1624 1303 1652 1332 ὅ(
1680 1304 1812 1335 ultionis

986 1349 1183 1378 occasionem
1201 1348 1329 1378 tandem
1347 1353 1394 1376 est
1411 1352 1610 1377 consecutus
1656 1345 1723 1376 Tit.
1742 1347 1812 1377 Liv.

988 1390 1042 1420 lib.
1059 1392 1085 1420 1.
1098 1402 1168 1430 cap.
1182 1392 1232 1420 56.

1035 1434 1104 1462 1053.
1127 1434 1262 1463 Barbam
1279 1433 1373 1473 Regi]
1397 1431 1506 1462 Primis
1524 1431 1661 1471 Regibus
1677 1430 1738 1460 illis
1755 1441 1810 1462 ru·

983 1476 1090 1512 (libus,
1102 1487 1161 1507 nec
1174 1477 1252 1506 dum
1268 1474 1442 1513 astutisjut
1456 1479 1502 1504 est
1511 1475 1580 1511 jam
1593 1473 1810 1504 Domitianus.

988 1518 1085 1548 Prisci
1101 1520 1232 1558 quidem
1250 1519 1386 1549 Romani
1412 1527 1468 1555 per
1482 1526 1581 1547 annos
1597 1515 1812 1555 quadringen.

988 1565 1037 1591 tos
1061 1563 1269 1602 quadraginta
1295 1568 1432 1600 quatuor
1454 1559 1573 1589 barbati
1593 1558 1811 1598 permansere,

988 1613 1024 1632 ac
1039 1606 1107 1634 sine
1130 1606 1318 1641 tonsoribus,
1339 1604 1441 1633 donec
1466 1611 1518 1632 eos
1535 1602 1568 1630 in
1583 1602 1693 1631 urbem
1709 1609 1811 1631 accer-

988 1647 1059 1677 sivit
1072 1647 1090 1676 ὲ
1103 1649 1208 1678 Sicilia
1223 1648 1256 1677 P.
1267 1646 1411 1677 Ticinius
1426 1645 1525 1675 Mena
1539 1657 1546 1674 :
1572 1643 1658 1682 quod
1670 1649 1813 1675 asserunt

990 1688 1086 1720 Varro
1103 1692 1134 1721 2.
1156 1691 1196 1720 de
1219 1690 1264 1720 Re
1286 1690 1374 1719 Rust.
1400 1697 1468 1726 cap.
1487 1688 1545 1716 ult.
1563 1687 1590 1716 &
1604 1686 1682 1715 Plin.
1708 1685 1763 1716 lib.
1780 1689 1811 1717 7.

989 1741 1058 1770 cap.
1087 1734 1135 1764 59.
1179 1733 1261 1762 Vide
1285 1733 1312 1761 ἀ
1340 1730 1484 1762 Gellium
1505 1730 1559 1759 lib.
1578 1730 1609 1758 3.
1635 1738 1705 1766 cap.
1723 1732 1753 1757 4.
1781 1731 1811 1760 ἀ

989 1775 1088 1804 Alex.
1111 1776 1150 1805 ab
1167 1775 1263 1805 Alex.
1292 1775 1345 1804 lib.
1366 1774 1394 1802 5.
1420 1782 1489 1811 cap.
1506 1772 1557 1803 18.
1585 1772 1612 1800 δι’
1640 1769 1727 1810 quod
1752 1779 1812 1802 nos

989 1817 1028 1846 ad
1044 1818 1125 1848 Pers.
1141 1818 1205 1848 Sat.
1221 1819 1251 1847 4.
1274 1828 1304 1846 v.
1324 1819 1350 1846 1.

1036 1861 1106 1890 104.
1127 1860 1195 1890 Nec·
1209 1859 1314 1890 melior
1327 1858 1425 1896 vultu]
1459 1858 1534 1888 Non
1550 1857 1650 1887 laetior
1663 1862 1719 1886 aut
1734 1865 1810 1887 con-

988 1902 1143 1933 fidentior.
1200 1903 1268 1933 Nec
1295 1903 1382 1931 enirn
1412 1900 1616 1930 Domitianus
1643 1899 1810 1930 Nobilitati

989 1946 1093 1975 solum
1109 1945 1253 1983 infestus,
1275 1945 1330 1974 sed
1351 1946 1378 1973 δε
1395 1943 1491 1972 cuivis
1506 1941 1523 1970 ὲ
1540 1941 1642 1979 plebe.

1033 1990 1104 2018 105.
1137 1987 1283 2026 Rubrius]
1305 1987 1333 2016 Is
1348 1987 1364 2016 ὲ
1381 1985 1484 2015 Gallia
1507 1984 1671 2021 oriundus,
1693 1983 1810 2014 humili

989 2040 1116 2069 genere,
1130 2030 1316 2059 Domitiano
1342 2034 1451 2058 tamen
1476 2026 1652 2056 familiaris:
1678 2026 1763 2057 unde
1781 2029 1808 2057 8.-

987 2073 1161 2112 indignatio
1177 2073 1277 2102 Poetae
1293 2071 1505 2108 omnibusque
1518 2069 1620 2098 bonis.

1033 2116 1160 2153 Offensae
1174 2115 1282 2145 reten's
1293 2113 1374 2150 reus]
1409 2112 1489 2144 Quae
1515 2110 1587 2140 illa?
1613 2121 1680 2140 non
1695 2111 1811 2149 liquet.

989 2159 1145 2196 Stuprum
1155 2167 1231 2187 cum
1240 2158 1262 2188 J
1265 2157 1331 2186 ulia
1338 2155 1474 2186 afferunt
1483 2154 1642 2190 nonnulli,
1652 2163 1810 2192 suamque

988 2201 1021 2230 in
1052 2202 1244 2230 sententiam
1272 2200 1394 2229 trahere
1423 2201 1580 2227 conantur
1609 2201 1662 2225 vet
1703 2196 1810 2226 Schol.

986 2244 1076 2281 quasi
1097 2245 1118 2274 J
1123 2245 1219 2273 uliam
1235 2243 1252 2271 a
1265 2241 1380 2271 Rubrio
1396 2243 1589 2277 corruptam,
1603 2247 1670 2267 non
1680 2238 1808 2269 Tibiam

985 2287 1154 2325 scripserit,
1172 2293 1209 2315 ut
1219 2286 1335 2324 legitur
1349 2284 1456 2322 vulgo.

1030 2330 1099 2359 106.
1125 2329 1256 2358 satiram
1269 2325 1430 2364 scribe-nte]
1453 2322 1593 2360 Nerone,
1616 2323 1671 2361 qui
1683 2323 1809 2361 probro-

985 2381 1018 2400 so
1034 2373 1171 2401 carmine
1188 2371 1404 2403 Quintianum
1419 2367 1603 2406 perstrinxit
1623 2365 1713 2394 velut
1727 2367 1806 2396 mol-

988 2414 1051 2443 lem
1067 2424 1102 2444 ac
1118 2414 1324 2452 flagitiosum,
1347 2419 1471 2448 suaque
1492 2410 1526 2437 in
1541 2408 1596 2437 illo
1612 2407 1687 2436 vitia
1699 2408 1807 2446 impu—

988 2456 1100 2486 denter
1114 2455 1324 2494 reprehendit.
1370 2453 1466 2482 Corn.
1481 2451 1582 2480 Tacit.
1597 2449 1716 2479 Annal.
1738 2451 1786 2479 15.

1033 2501 1104 2529 107.
1127 2498 1271 2528 Montani
1284 2506 1398 2535 quoque
1412 2497 1514 2524 venter
1525 2493 1622 2529 adest,
1638 2492 1703 2539 ξεῖ]
1742 2493 1807 2522 Ad-

987 2542 1048 2571 fuit
1073 2543 1101 2570 &c
1117 2541 1286 2570 Montanus
1308 2544 1416 2568 ventre
1433 2538 1527 2566 obeso
1540 2544 1576 2564 ac
1589 2540 1807 2573 prominente,

988 2584 1130 2622 hincque
1157 2583 1262 2613 tardus
1289 2582 1422 2611 incessu.
1475 2577 1586 2614 Hujus
1610 2577 1732 2606 mentio
1760 2585 1807 2607 cst

986 2627 1072 2666 apud
1089 2627 1238 2656 Taciturn
1251 2624 1370 2655 Annal.
1395 2623 1451 2652 lib.
1466 2620 1515 2650 16.
1529 2621 1557 2648 δι’
1574 2618 1691 2649 Histor.
1703 2621 1734 2648 4.

1026 2668 1208 2706 Abdomine]
1233 2667 1303 2697 Pars
1319 2671 1365 2696 aet
1380 2666 1443 2694 ima
1456 2667 1583 2691 ventris.

1030 2713 1100 2741 108.
1115 2710 1275 2741 Matutino
1286 2709 1398 2739 sudans
1411 2704 1568 2744 Crispinus
1581 2703 1710 2741 amomo]
1724 2702 1805 2733 Gris-

978 2755 1083 2792 pinus,
1107 2754 1147 2783 de
1178 2763 1243 2791 (1110
1266 2752 1335 2781 fuse
1361 2748 1466 2787 supra,
1490 2756 1555 2776 non
1580 2751 1655 2776 ante
1678 2755 1805 2776 coenam

983 2798 1164 2833 dumtaxat,
1187 2800 1223 2824 ut
1248 2795 1313 2831 alii,
1337 2794 1443 2822 lavans
1461 2793 1486 2819 ἀ
1509 2798 1655 2828 unguens
1677 2797 1805 2826 corpus,

980 2839 1035 2869 sed
1060 2840 1153 2869 mane
1179 2847 1212 2867 se
1241 2834 1410 2875 unguentis
1439 2832 1647 2872 perfundens,
1678 2831 1807 2860 summa

979 2882 1118 2911 luxuria.
1781 2915 1787 2920 Π

1020 2924 1182 2954 Matutino
1204 2919 1331 2958 amoeno]
1353 2918 1545 2949 stlatutinum
1569 2926 1716 2946 amomum
1732 2925 1803 2953 (1111-

979 2968 1051 2996 dam
1067 2964 1231 3005 explicant
1244 2973 1285 2992 ex
1300 2962 1432 2992 Oriente
1446 2961 1631 2997 advectum,
1642 2960 1697 2988 ubi
1712 2957 1806 2987 mane

979 3010 1042 3039 Sol.
1068 3009 1120 3039 De
1141 3015 1253 3036 amomo
1280 3005 1400 3035 Plinius
1430 3004 1484 3036 lib,
1502 3004 1551 3032 12.
1573 3012 1644 3042 cap.
1663 3002 1712 3031 13.
1734 3007 1807 3039 pre-

156 3040 227 3071 101.
241 3041 334 3073 Artes
343 3045 509 3084 patricias]
531 3047 606 3077 Jam
622 3048 714 3079 canet
726 3048 930 3082 Domitianus
973 3052 1096 3082 ciosum
1112 3051 1148 3081 fit
1163 3053 1370 3089 unguentum
1383 3056 1424 3076 ex
1435 3055 1474 3076 eo
1489 3045 1612 3076 frutice.
