1934 3227
642 67 1213 122 PRAEFATIO.

154 197 370 249 discutit.
487 195 636 248 Quod
700 197 738 247 si
809 196 928 265 quid
1006 196 1290 248 involutum
1357 193 1710 246 intricatumve

155 299 388 361 superest,
443 290 495 340 in
543 300 778 359 promptu
824 300 936 341 sunt
987 290 1351 342 Annotationes
1410 292 1519 340 tum
1563 307 1709 339 accu-

154 394 289 446 ratae,
351 386 460 434 tum
527 384 721 435 strictae.
813 384 934 434 Non
988 383 1093 434 dixi
1146 388 1341 435 temere.
1441 385 1711 435 Accuratas

157 479 350 539 vocavi,
402 498 510 547 quae
554 479 680 529 nihil
730 479 973 530 intactum
1022 487 1107 530 aut
1154 479 1359 529 difficile
1406 479 1710 546 relinquunt,

154 574 441 642 ubicunque
492 575 648 626 nodus
694 575 889 626 vindice
941 575 1124 645 dignus
1171 575 1434 627 inciderit:
1514 575 1714 627 Strictas

158 680 344 729 autem,
403 687 511 736 quae
575 669 874 738 superfluum
939 669 1213 720 admittunt
1264 669 1405 722 nihil.
1511 670 1714 722 Quoties

156 771 270 819 vero
317 767 613 836 Interpretes
671 767 887 818 melioris
937 768 1087 818 etiam
1146 777 1276 818 notae
1343 768 1488 837 (pace
1550 765 1714 816 dicam

156 862 384 932 illorum)
419 864 541 914 boni
583 864 901 916 dormitant?
962 865 1102 934 Saepe
1142 865 1221 915 vel
1259 867 1466 915 obscura
1494 873 1718 912 transvo-

156 959 264 1011 lant
308 958 572 1028 quaedam3
633 959 711 1010 vel
775 959 827 1010 in
883 978 933 1010 re
994 960 1108 1010 satis
1155 968 1406 1028 comperta
1465 957 1718 1008 verbosius

158 1055 505 1115 immorantur,
561 1053 722 1104 dicam
786 1055 836 1103 &
900 1054 1268 1123 exspatiantur3
1333 1064 1478 1121 atque
1528 1052 1720 1103 erudita

158 1150 308 1202 nimis
359 1150 519 1201 multa
560 1159 859 1219 congerunt,
909 1150 970 1200 ad
1013 1169 1115 1200 rem
1168 1149 1283 1200 licet
1333 1149 1468 1200 haud
1510 1148 1719 1202 omnino

157 1246 471 1317 pertinentia.
566 1245 708 1298 Alias
755 1245 986 1296 Auctoris
1036 1246 1336 1314 posthabent
1388 1264 1445 1296 ac
1505 1243 1720 1295 transili-

158 1352 250 1394 unt
289 1360 586 1411 germanum
634 1341 784 1410 plane
826 1359 1052 1402 sensum3
1114 1340 1352 1409 quoniam
1390 1339 1613 1409 genuina
1644 1339 1723 1391 in-

159 1436 463 1506 terpretandi
525 1435 651 1487 ratio
715 1437 765 1486 <Sc
833 1435 1045 1505 simplex
1109 1444 1211 1487 non
1269 1435 1502 1487 satisfacit
1554 1454 1724 1487 eorum

160 1533 369 1602 ingenio
395 1551 585 1602 semper
614 1533 733 1595 alta,
782 1532 967 1602 passim
1006 1533 1057 1582 δε
1097 1532 1247 1583 ardua
1280 1531 1499 1583 rimanti.
1576 1530 1724 1583 Non-

161 1647 421 1697 nunquam
462 1627 665 1678 aemulos
703 1626 956 1696 carpendi,
997 1626 1284 1688 vellicandi,
1329 1626 1592 1696 superandi
1637 1646 1725 1679 cu-

163 1723 284 1793 pido
325 1722 444 1773 facit
481 1741 560 1772 eos
593 1723 787 1790 prorsus
827 1721 1043 1772 instituti
1084 1741 1139 1772 ac
1181 1722 1422 1791 propositi
1460 1723 1726 1774 immemo-

164 1836 255 1879 res,
306 1826 363 1868 ut
413 1816 540 1868 nihil
590 1816 731 1885 pensi
778 1818 1017 1877 habeant,
1071 1815 1222 1866 modo
1275 1835 1414 1867 suam
1478 1826 1726 1869 ostentent

166 1911 519 1972 eruditionem,
564 1910 748 1979 pariter
791 1929 846 1961 ac
888 1910 1176 1962 ambitionis
1227 1912 1277 1962 ἃ*
1319 1911 1493 1980 gloriae
1540 1931 1726 1964 vanum

167 2006 427 2062 lucellum.

245 2177 494 2229 Caeterum
566 2195 628 2228 ne
693 2196 873 2245 quaeso,
940 2178 1140 2242 Lector,
1212 2179 1403 2232 imitere
1466 2180 1730 2233 nonnullos

175 2271 340 2323 minus
377 2271 535 2322 sobrie
572 2272 830 2342 sapientes,
885 2275 971 2342 qui
1017 2276 1111 2326 nisi
1154 2276 1426 2345 integrum,
1468 2285 1524 2327 ut
1570 2276 1729 2339 aiunt,

179 2366 453 2419 Auctorem
502 2369 737 2430 habeant,
788 2370 868 2419 vel
910 2370 1130 2422 sordibus
1170 2372 1404 2440 putidum
1454 2390 1509 2422 ac
1549 2371 1730 2423 foeten-

179 2469 302 2523 tem,
364 2462 490 2513 nihil
553 2481 602 2513 se
652 2465 832 2515 habere
885 2463 1074 2516 dicunt.
1176 2467 1223 2517 O
1270 2467 1457 2517 mores!
1534 2466 1733 2518 Scilicet

180 2554 341 2625 pudor
385 2557 511 2608 tanti
544 2557 658 2608 est?
709 2558 782 2609 At
822 2577 909 2609 nos
951 2577 1012 2609 ex
1056 2560 1259 2611 Oraculi
1295 2561 1505 2613 coelestis
1546 2581 1602 2613 ac
1638 2563 1733 2613 Di-

184 2648 291 2700 vini
317 2650 529 2713 monitu,
574 2662 720 2722 atque
753 2671 816 2705 ex
856 2654 1168 2724 Sapientum‚
1210 2676 1329 2724 quos
1358 2657 1554 2709 honoris
1588 2663 1738 2710 caus-Cr

185 2743 463 2806 nominavi,
511 2745 748 2798 Virorum
796 2758 1040 2817 praecepto
1078 2768 1134 2800 ac
1172 2750 1431 2813 mandato,
1485 2751 1537 2802 in
1578 2753 1736 2802 Inter-

186 2837 461 2907 pretatione
507 2857 562 2889 ac
607 2841 1036 2894 Annotationibus
1079 2844 1347 2913 pretiosum
1386 2850 1414 2899 ὲ
1456 2845 1546 2897 vili
1584 2865 1737 2898 secre-

187 2932 368 2993 vimus,
430 2934 665 2986 obscoena
733 2937 793 2987 de
848 2937 1015 2989 medio
1069 2941 1416 3009 expunximus.
1494 2941 1559 2992 Et
1609 2947 1737 2994 certe
