1948 3281
95 286 302 326 Percutimus,
325 289 347 325 «ξς
370 287 497 317 vicissim
520 296 608 316 crura

671 108 857 152 PERSII
889 107 1106 151 SATIRA
1136 108 1216 153 IV.

387 222 609 231 ·····
621 197 868 255 Inguinibus
891 213 1013 254 quare
1033 199 1228 240 detonsus
1250 198 1438 256 gurgulio
1457 206 1587 241 exstat
1605 199 1620 240 ἒ

620 257 820 313 Quinque
841 255 1073 310 palaestritae
1095 255 1191 296 licet
1214 257 1303 297 haec
1327 257 1521 311 plantaria
1543 256 1708 305 vellant,

97 336 204 360 nostra
232 329 307 365 telis.
323 330 489 368 objicimus.
539 328 610 358 Vita
621 313 842 368 Elixasque
864 322 976 353 nates
996 312 1240 354 labefactent
1262 313 1416 368 forcipe
1437 313 1616 365 adunca,

1760 308 1819 351 40

99 371 154 402 72⁰⁶
167 375 252 403 modo
266 374 444 403 zraducitur.
487 373 539 402 Ita
553 372 724 412 sci-Non
746 379 884 410 tamen
906 370 982 410 ista
1002 370 1101 411 silex
1126 370 1208 411 ullo
1231 371 1480 411 mansuescit
1501 380 1645 422 aratro,

100 419 175 445 m'us.
218 417 278 445 Sub
301 416 392 445 ilibus
412 417 539 456 plagam
562 424 608 443 oc-

101 458 216 488 cultam
236 459 330 499 geri.r‚
352 459 405 488 sed
420 468 490 488 eam
507 467 609 496 coope-

101 502 143 530 rit
171 502 289 531 balteus
307 512 381 532 auro
405 502 517 539 amplo.

624 426 856 478 Caedimus,
890 427 1014 483 inque
1037 427 1168 469 vicem
1190 427 1419 482 praebemus
1439 443 1553 468 crura
1575 427 1746 484 sagittis.

565 500 608 528 Si-
622 484 788 526 Vivitur
809 485 889 524 hoc
913 496 1048 539 pactO.

1109 484 1177 526 Sic
1202 484 1409 526 novimus.
1472 484 1548 526 Ilia
1569 486 1706 526 subter

100 549 153 574 cut
181 545 286 575 melius
312 544 446 581 duxeris,
481 543 610 581 impone,
626 542 807 583 Coecum
829 541 977 583 vulnus
1000 541 1148 583 habes:
1184 543 1252 583 sed
1276 542 1357 583 lato
1380 542 1533 583 balteus
1553 557 1649 583 auro

104 589 128 625 ‘3'
154 587 244 624 falle
271 587 359 623 vires,
396 586 551 615 dummodo
580 585 611 614 id

102 640 204 668 queas.
262 631 396 659 Ateuirn
421 629 540 667 quando
569 627 611 656 ri·
659 655 666 662 ,

101 674 165 702 cini
180 683 224 702 me
236 672 416 711 praeclarum
427 672 611 710 praedicant‚
626 658 669 698 Sl
692 667 822 711 POOES.

628 598 822 654 Praetegit
844 615 854 639 ε
888 609 935 639 ut
956 599 1100 650 mavis,
1125 601 1174 640 da
1197 599 1329 650 verba,
1355 600 1393 641 Sc
1416 599 1558 654 decipe
1579 614 1741 650 nervos,
1765 599 1820 639 45

884 657 1106 713 Egregium
1130 658 1228 698 curn
1251 672 1316 698 me
1339 656 1486 698 vicinia
1508 656 1631 708 dicat,

103 715 266 754 numquid
290 725 345 743 Νι
362 715 457 751 fidem
473 713 610 743 habebo?
625 714 726 755 Non
749 713 940 757 credam?
974 714 1079 757 Viso
1101 714 1134 755 si
1163 713 1303 770 palles,
1336 714 1536 769 improbe,
1569 728 1764 766 nummo,

103 759 138 787 Si
160 759 282 796 (repara
308 757 439 796 pecunid.
461 756 610 796 expalles-

102 811 159 840 εις,
183 802 202 831 ὁ
211 801 354 841 pessime,
390 821 613 831 .....

629 770 674 813 Si
694 770 794 813 facis
816 770 860 813 in
881 785 1028 827 penem
1051 771 1250 829 quicquid
1282 771 1356 814 tibi
1377 771 1488 815 venit
1509 786 1710 823 amarum,

103 1000 176 1037 gut,
200 997 319 1036 inquit,
353 1006 452 1035 varos,
484 994 660 1036 lentigines,
684 996 741 1026 Sec.
789 993 944 1026 Meminit

108 1042 138 1070 ἃ
152 1041 257 1071 balani
272 1041 324 1070 lib.
344 1042 384 1070 13
408 1050 478 1079 cap.
496 1042 524 1069 1.
539 1041 567 1068 <Sc
583 1043 613 1069 4.

108 1083 263 1114 Horatius
277 1085 331 1115 lib.
348 1085 377 1113 3.
395 1083 500 1113 Carm.
522 1081 586 1112 Od.
600 1083 654 1113 29.

194 1127 305 1156 Pressa
323 1127 382 1156 tuis
397 1125 527 1155 balanus
541 1125 670 1164 capillis.

154 1170 311 1209 Gausape]
335 1170 438 1199 Vestis
466 1174 532 1198 erat
557 1169 638 1198 hirta
666 1169 695 1197 Sc
725 1168 849 1206 villosa,
874 1168 946 1197 vide

111 1214 178 1243 Sat.
199 1214 228 1243 6.
259 1223 321 1242 ver.
338 1214 389 1242 46.
415 1213 443 1241 &a
471 1221 542 1250 quae
569 1221 627 1241 nos
651 1211 691 1241 ad
718 1221 795 1241 eum
822 1212 944 1241 locum.

107 1257 156 1287 At
183 1257 237 1286 hic
266 1266 319 1294 per
347 1255 571 1294 metaphoram
595 1255 727 1293 ponitur
754 1265 810 1293 pro
840 1254 947 1291 barba,

103 1300 160 1329 vel
176 1299 350 1337 capilliti03
375 1299 416 1328 ob
429 1297 676 1328 similitudinem
689 1297 853 1334 villorum,
868 1298 949 1327 mol-

111 1343 206 1378 litiei,
233 1344 257 1370 Sc
285 1341 456 1371 artificiosa:
483 1346 620 1370 texturae
631 1350 851 1381 gausapcrum,
876 1349 948 1378 qua:

113 1385 211 1415 etiarn
239 1385 416 1424 significant
440 1389 564 1422 tapetes
592 1384 746 1422 pretiosos
772 1385 800 1413 ὅ(
826 1383 952 1421 molles,

112 1429 224 1466 quales
241 1437 297 1457 nos
315 1429 411 1457 hodie
424 1427 578 1457 Turcicos
605 1427 822 1466 appellamus,
846 1426 953 1464 inquit

114 1472 258 1501 eruditus
274 1471 423 1510 Scaliger.

156 1515 208 1544 42.
243 1514 403 1551 Caedimus,
419 1513 511 1551 inque
526 1514 632 1550 vicem,
647 1512 712 1551 250]
749 1512 799 1542 Sic
813 1512 870 1550 fit;
894 1512 950 1542 ali-

111 1567 172 1587 ena
203 1557 321 1594 flagitia
349 1556 627 1595 reprehendimus,
663 1556 807 1594 hincque
833 1555 950 1594 praebe·

112 1610 187 1631 mus
215 1610 325 1630 ansam
349 1599 417 1628 aliis
444 1604 549 1628 nostra
574 1598 755 1628 vellicandi.
802 1597 899 1631 Quod
924 1600 950 1628 si

114 1644 181 1674 aliis
218 1652 431 1682 parceremuS,
465 1643 556 1672 nobis
592 1651 658 1671 non
697 1641 794 1670 item:
836 1642 949 1671 melius

116 1687 222 1716 multo
243 1687 336 1716 rebus
353 1685 466 1715 nostris
487 1685 740 1714 consuleremus.
786 1684 951 1724 Allegoria

114 1736 163 1760 est
178 1730 197 1758 a
210 1729 456 1758 Gladiatoribus.
503 1728 616 1757 Horat.
629 1727 683 1756 lib.
698 1728 728 1757 2.
749 1727 850 1765 Epist.
866 1730 895 1757 2.

200 1772 362 1809 Caedimur,
397 1772 420 1809 ἐξ
460 1771 585 1800 totidem
614 1769 721 1811 plagis
754 1771 951 1800 consumimus

244 1816 371 1844 hostem.

158 1860 212 1889 43.
240 1858 360 1888 Vivitur
374 1857 428 1887 hoc
438 1857 548 1897 pacto]
587 1857 651 1887 Alii
666 1857 803 1886 aliorum
818 1857 950 1896 norunt,

118 1903 275 1940 revelant,
299 1903 327 1931 ὅ(
343 1901 502 1931 damnant
517 1901 663 1939 quotidie
688 1900 761 1929 vitia
777 1912 784 1928 ι
811 1902 952 1940 quisque

115 1946 199 1976 velat
227 1955 295 1983 sua,
319 1946 346 1974 ἀ
375 1950 519 1982 excusat,
543 1943 707 1974 interdurn
735 1943 833 1973 etiam
861 1944 953 1983 plane

117 1990 250 2029 ignorat.

158 2032 211 2061 Sic
222 2030 367 2069 novimus]
392 2031 444 2060 Sic
467 2031 573 2060 vivere
601 2029 630 2059 St
655 2039 748 2069 agere
771 2029 953 2060 didicimus.

117 2074 198 2112 Vel,
222 2075 265 2104 sic
282 2080 340 2112 est,
363 2074 383 2102 ὁ
400 2072 498 2110 Nero,
526 2083 598 2112 qua:
622 2073 763 2102 occultas
792 2074 820 2102 ἃ
845 2073 955 2112 ignota

117 2124 225 2158 putas,
249 2124 414 2156 perspecta
441 2116 622 2155 habemus3
641 2116 711 2153 jam
729 2122 761 2144 te
777 2115 861 2144 intus
876 2117 903 2144 ἃ
922 2116 953 2145 in

116 2169 193 2191 cute
206 2161 365 2190 novimus⁴

160 2203 241 2241 Ilia]
274 2203 328 2231 Ab
359 2202 421 2232 ileo
451 2203 602 2232 intestino
629 2202 684 2231 ilia
708 2201 861 2230 dicuntur
888 2210 955 2232 ossa

118 2248 183 2278 duo
210 2247 314 2276 imum
345 2252 489 2275 ventrem
515 2246 591 2275 hinc
614 2246 642 2274 ἂ
671 2244 745 2274 inde
771 2243 954 2274 attinentia.

117 2291 181 2320 His
192 2290 289 2319 etiam
303 2288 412 2318 affines
425 2294 529 2327 partes
541 2289 694 2326 utrinque
709 2286 850 2316 laterales
867 2286 954 2317 ilium

118 2334 252 2364 nomine
280 2331 364 2369 saepe
400 2332 639 2371 intelliguntur.
687 2329 751 2359 Hic
787 2330 862 2359 vero
897 2340 955 2369 per

119 2376 354 2413 metaphoram,
384 2374 441 2403 ilia
469 2374 647 2414 significant
683 2373 813 2402 intimos
851 2374 954 2403 animi

118 2428 266 2449 recessus.

164 2464 216 2491 44.
242 2462 364 2491 Coecum
390 2459 500 2490 vulnus
523 2459 626 2498 habes]
664 2459 819 2490 Conscius
843 2458 900 2488 tibi
924 2468 956 2488 es

123 2506 300 2534 multarum
331 2503 518 2541 libidinum,
557 2502 768 2542 pluriumque
795 2501 954 2531 scelerum

121 2548 204 2577 clam
220 2552 485 2585 perpetratorum.

164 2590 225 2619 Sed
239 2590 302 2619 lato
319 2588 436 2618 baltea<
451 2598 524 2618 auro
542 2587 700 2628 proetegit]
723 2588 878 2617 Summus
892 2589 955 2617 Ro-

122 2643 184 2663 mae
202 2633 398 2669 Principatus
415 2633 524 2672 legum
540 2640 571 2661 te
588 2638 680 2661 metu
695 2631 821 2668 eximit,
848 2640 955 2668 eoque

124 2681 156 2706 te
181 2675 220 2705 ad
241 2683 339 2704 omne
366 2674 488 2704 facinus
512 2675 709 2704 audaciorem
725 2673 809 2703 facit.
855 2673 953 2702 Allu-

123 2728 196 2750 sum
219 2717 257 2747 ad
283 2718 550 2747 consuetudinem
575 2717 794 2746 Gladiatorum
820 2716 878 2755 qui
903 2726 953 2746 ac-

121 2768 256 2801 ceptum
283 2759 317 2789 in
343 2768 438 2788 arena
462 2761 580 2789 vulnus
607 2765 714 2798 tegere
742 2759 847 2788 balteo
872 2759 954 2788 nite-

123 2805 252 2841 bantur,
271 2805 297 2830 &
315 2808 531 2840 spectatorum
547 2803 657 2832 oculos
675 2802 794 2832 fallere.
838 2801 886 2831 Ita
902 2811 954 2830 ve-

123 2853 204 2878 teres
235 2846 365 2876 Glossae.
428 2844 546 2882 Neque
573 2845 757 2874 dissentiam
788 2844 806 2873 a
836 2844 954 2874 Casan-

122 2891 222 2927 bonO,
246 2888 304 2927 qui
333 2887 444 2926 pariter
476 2888 541 2915 vult
568 2887 708 2917 Persium
741 2887 890 2917 habuisse
922 2888 957 2917 in

989 996 1079 1026 litare
1096 994 1113 1025 ὲ
1130 996 1213 1025 corio
1229 995 1366 1033 bubulo,
1392 993 1409 1025 ὲ
1431 1005 1496 1034 quo
1519 1003 1608 1025 arma
1631 992 1827 1032 dependent.

990 1039 1211 1078 Metaphorice
1229 1041 1360 1078 ponitur
1376 1048 1432 1077 pro
1448 1039 1602 1078 dignitate
1625 1038 1653 1066 δε
1672 1036 1826 1076 potentia.

990 1082 1065 1112 Lati
1089 1083 1172 1112 certe
1189 1091 1280 1111 erant
1294 1081 1453 1111 veteribus
1474 1081 1592 1118 baltei3
1618 1089 1699 1118 quos
1713 1089 1826 1118 argen-

990 1129 1024 1154 to
1048 1125 1176 1155 decoros
1192 1126 1284 1154 aiunt
1300 1125 1398 1154 fuisse
1414 1125 1509 1153 etiam
1527 1124 1691 1162 gregariis:
1716 1123 1828 1152 Duces

992 1171 1106 1198 autem
1139 1169 1167 1197 ἂ
1200 1168 1361 1206 Principes
1401 1168 1506 1197 multo
1539 1167 1704 1205 gestabant
1736 1174 1826 1202 auro,

991 1211 1172 1251 multisque
1199 1211 1301 1240 aureis
1326 1211 1419 1240 bullis
1443 1210 1608 1240 distinctos
1635 1218 1671 1238 ac
1699 1207 1829 1248 praeful-

991 1259 1103 1293 gentes

996 1297 1106 1336 Virgil.
1121 1296 1248 1327 AEneid.
1262 1298 1289 1326 5.

1080 1340 1161 1369 Lato
1178 1350 1264 1379 quam
1277 1339 1387 1369 circum
1404 1339 1598 1378 amplectitur
1613 1348 1686 1369 auro

1081 1383 1219 1413 Balteus.

996 1426 1039 1456 Et
1053 1425 1180 1456 AEneid.
1202 1427 1252 1456 12.

1078 1468 1208 1499 Balteus
1221 1471 1244 1507 ῖς
1260 1467 1507 1506 notis-fulserunt
1520 1467 1648 1508 cingula
1664 1467 1756 1497 bullis

1080 1511 1235 1541 Pallantis
1248 1513 1345 1551 pueri.

996 1554 1080 1585 Vide
1096 1555 1194 1585 Alex.
1211 1556 1249 1585 ab
1266 1556 1364 1586 Alex.
1390 1556 1444 1584 lib.
1462 1557 1491 1585 2.
1515 1564 1584 1593 cap.
1601 1556 1654 1586 29.

1037 1600 1089 1627 45.
1119 1596 1159 1627 Ut
1180 1599 1286 1637 mavis,
1311 1599 1351 1627 da
1376 1598 1479 1636 verba]
1505 1597 1588 1637 Ergo
1604 1599 1734 1636 impone
1749 1597 1833 1635 aliisi,

995 1646 1154 1679 quantum
1170 1641 1311 1678 libuerit,
1336 1642 1403 1671 imo
1423 1643 1450 1670 ὅ(
1468 1640 1536 1670 tibi.
1584 1640 1634 1670 Te
1657 1650 1772 1670 sanum
1798 1641 1827 1669 δε

994 1684 1033 1713 ad
1058 1684 1168 1714 omnia
1193 1684 1354 1714 valentem
1380 1684 1483 1721 crede,
1508 1685 1536 1712 δε
1559 1684 1665 1721 jacta:
1699 1684 1832 1720 adjuva-

995 1727 1079 1755 bunt
1108 1736 1174 1757 non
1210 1728 1324 1766 partim
1352 1727 1542 1757 adulatores.
1604 1727 1683 1756 Hor.
1719 1726 1774 1756 lib.
1800 1727 1833 1755 1.

994 1771 1059 1800 Sat.
1085 1771 1116 1799 4.

1084 1811 1124 1842 Ut
1139 1815 1233 1844 nznvz's
1245 1815 1376 1844 imitare.

1039 1855 1156 1895 Decipe
1172 1867 1286 1895 neri-os,
1301 1858 1327 1887 si
1336 1857 1438 1896 potes]
1462 1857 1554 1887 Vires
1567 1857 1662 1887 ctiam
1679 1861 1750 1886 tuas
1767 1854 1830 1884 Im·

997 1900 1085 1940 perio
1114 1900 1245 1929 ferendo
1274 1909 1362 1939 pares
1390 1902 1523 1938 aestima,
1547 1900 1572 1930 si
1600 1905 1710 1929 tamen
1740 1905 1830 1936 potes

998 1944 1145 1972 ultricem
1173 1944 1400 1973 conscientiam
1437 1944 1556 1980 fallere,
1592 1942 1762 1981 indignum
1799 1946 1831 1969 te

997 1985 1182 2024 Principatu
1199 1986 1426 2023 objectantem.
1473 1986 1559 2015 Cave
1582 1995 1624 2014 ne
1647 1983 1832 2014 iinmitteris

997 2037 1051 2057 eos
1069 2029 1126 2066 qui
1148 2029 1248 2058 nimio
1267 2034 1346 2067 potu
1363 2039 1398 2058 ac
1418 2029 1541 2058 Venere
1564 2033 1740 2057 contractos
1756 2027 1832 2055 arti-

1001 2071 1123 2100 culares
1155 2072 1282 2100 morbos
1313 2072 1371 2101 etsi
1407 2072 1627 2107 dissimulant,
1663 2078 1832 2099 nervorum

999 2120 1110 2143 tamen
1141 2114 1339 2144 debilitatem
1370 2116 1528 2153 sentiunt,
1552 2115 1579 2143 ἀ
1611 2113 1752 2143 dolorem
1777 2121 1833 2151 pa·

999 2157 1134 2186 tiuntur.

999 2199 1113 2229 Horat.
1138 2200 1194 2229 lib.
1216 2202 1245 2229 1.
1269 2199 1369 2239 Epist.
1386 2201 1436 2231 16.

1084 2242 1153 2271 Neu
1165 2244 1192 2272 si
1204 2247 1232 2272 te
1239 2243 1371 2282 populus
1381 2254 1488 2273 sanum
1498 2243 1637 2282 recteque
1646 2241 1796 2272 valentem

1083 2284 1229 2321 Dicdc'tet,
1244 2286 1516 2324 occultamfebrem
1530 2287 1584 2316 sub
1597 2290 1712 2324 tempus
1725 2284 1836 2314 edendi

1083 2328 1277 2366 Disstmuks,
1289 2330 1381 2358 donec
1392 2329 1526 2359 manibus
1541 2340 1617 2358 mors
1632 2328 1747 2358 incidat
1760 2337 1832 2356 unc-

1131 2372 1171 2401 tis

1085 2414 1252 2444 Stultorum
1272 2415 1415 2444 incurata
1432 2415 1533 2453 pudor
1547 2414 1646 2444 malus
1662 2414 1764 2443 ulcera
1786 2423 1834 2443 ce·

1128 2459 1184 2486 lat.

1043 2501 1094 2530 46.
1117 2500 1288 2541 Egregium
1302 2500 1367 2530 cum
1383 2510 1427 2529 me
1442 2499 1554 2529 vicinia
1568 2500 1664 2537 dicat,
1684 2499 1748 2538 ἐξα]
1772 2500 1832 2531 Re-

999 2543 1138 2582 spondet
1157 2544 1350 2581 AlcibiadeS,
1371 2551 1426 2573 aut
1451 2543 1534 2572 Nero
1558 2543 1702 2572 adversus
1726 2544 1834 2581 objur0

1000 2593 1149 2625 gamem:
1174 2588 1279 2625 Atqui
1301 2597 1368 2616 non
1393 2596 1452 2625 ego
1477 2595 1530 2615 me
1553 2595 1638 2615 unus
1653 2585 1779 2615 bonum
1794 2597 1833 2617 ac

998 2629 1176 2667 sapientem
1192 2630 1282 2659 dico:
1307 2639 1348 2659 en
1371 2629 1468 2658 vicini
1493 2629 1521 2657 ὅ(
1547 2629 1599 2657 alii
1625 2628 1706 2658 ultro
1723 2629 1834 2668 praedi-

998 2678 1081 2701 cant.
1125 2672 1193 2702 Cur
1218 2682 1285 2702 non
1310 2670 1459 2701 credam?
1484 2671 1525 2699 Et
1547 2680 1645 2708 quare
1669 2677 1833 2709 suspectos

997 2715 1124 2744 habebo
1148 2720 1213 2744 tam
1238 2715 1321 2746 bene
1346 2715 1386 2744 de
1408 2723 1462 2743 me
1482 2713 1685 2750 judicantes?
1719 2714 1833 2745 Horat.

999 2757 1070 2787 loco
1088 2767 1168 2787 mox
1184 2758 1302 2787 citato:
1329 2760 1357 2786 &
1373 2757 1426 2786 lib.
1442 2757 1472 2785 2,
1487 2756 1552 2785 Sat.
1571 2758 1603 2786 5.

1082 2800 1357 2839 Egregie-factum
1370 2799 1474 2828 laudet
1486 2798 1609 2828 vicinia.

1043 2844 1095 2873 47.
1125 2842 1193 2871 Viso
1219 2843 1246 2872 si
1265 2844 1376 2881 palles,
1402 2840 1467 2879 (ξς-6.]
1491 2841 1663 2881 Redarguit
1690 2841 1833 2873 Philoso-

1001 2886 1086 2924 phus
1112 2891 1169 2915 aut
1185 2885 1308 2916 Persius
1325 2884 1498 2914 Neronem.
1544 2885 1597 2914 An
1616 2885 1711 2924 igitur
1726 2885 1834 2916 credes

122 2935 232 2963 animo
249 2933 330 2961 ictus
348 2931 376 2959 δι
397 2930 531 2958 vulnera
544 2929 662 2958 Neroni
688 2929 809 2960 inflicta
828 2939 885 2968 per
902 2940 950 2959 ur·
993 2929 1240 2958 assentatoribus
1254 2935 1287 2958 te
1302 2927 1435 2966 probum
1449 2936 1514 2956 esse
1523 2927 1766 2965 affirmantibus,
1776 2929 1833 2958 eti-

120 2976 196 3006 bem
227 2980 324 3005 noctu
352 2972 500 3013 petulant
524 2982 534 2999 r
564 2973 702 3010 vaganti,
732 2979 768 3002 ut
795 2979 841 3002 est
865 2972 953 3011 apud

121 3019 255 3048 Sueton.
279 3027 349 3055 cap.
365 3017 417 3045 26.
445 3016 469 3043 Sc
496 3013 647 3044 Taciturn
675 3015 795 3045 Annal.
819 3015 874 3045 lib.
904 3016 954 3044 13.

118 3061 198 3089 adeo
218 3067 250 3089 ut
267 3060 426 3088 cicatrices
442 3057 539 3087 etiam
554 3066 607 3085 ore
624 3057 806 3094 praetulerit.

159 3101 240 3133 Lato
257 3102 373 3132 balteus
384 3101 473 3140 auro]
496 3099 628 3130 Balteus
644 3099 818 3138 cingulum
831 3104 879 3129 est
895 3099 955 3130 mi-

996 2971 1076 3000 amsi
1095 2978 1129 3001 tu
1146 2977 1178 3000 te
1195 2972 1262 3009 ipse
1284 2969 1467 3008 improbum
1485 2971 1517 2999 in
1534 2971 1752 3000 occasionibus
1767 2971 1832 2999 sin-

997 3014 1092 3052 gulis,
1115 3023 1258 3050 avarum,
1294 3012 1510 3049 libidinosum,
1533 3013 1699 3051 iniquum,
1721 3012 1833 3041 crude-

997 3057 1061 3086 lem
1079 3057 1247 3094 experiris:
1269 3056 1363 3093 sique
1379 3055 1459 3084 adeo
1474 3055 1541 3085 viso
1555 3064 1694 3086 nummo
1717 3054 1832 3093 paues-

998 3100 1054 3136 cis,
1078 3109 1139 3138 prae
1154 3098 1334 3138 cupiditate
1349 3096 1509 3127 habendi?
