1948 3281
735 74 919 118 PERSII
951 75 1165 119 SATIRA
1195 76 1249 118 V.

135 164 301 208 Publius
322 164 507 216 emeruit,
539 163 770 207 scabiosum
790 165 986 208 'tesserula
1010 167 1068 208 far

393 223 488 264 Heu
511 223 662 264 steriles
686 223 780 274 veri,
805 223 954 280 quibus
978 239 1058 264 una
1078 223 1283 281 Quiritem

128 280 298 335 Vertigo
319 279 416 320 facit
434 279 589 322 !—Hic
610 280 751 322 Dama
771 290 846 330 est,
875 295 959 321 non
983 282 1116 321 tressis
1137 296 1256 337 agaso

126 337 286 391 Vappa,
321 336 360 377 δι
379 336 529 392 lippus,
563 338 602 378 δε
624 338 665 379 in
687 338 798 379 tenui
820 336 1015 393 farragine
1038 338 1227 380 mendax.

125 392 301 435 Verterit
326 395 434 434 hunc
458 394 667 445 dominus,
691 404 902 436 momento
927 394 1098 435 turbinis
1120 394 1201 436 exit

570 451 718 506 Papael
771 452 938 492 MARCO
974 452 1215 506 spondente,
1256 467 1350 519 νεὶ-ᾇ
1375 481 1487 520 lippus,
1510 483 1770 520 &flammeum
1795 487 1827 515 fn

133 223 331 264 Possidet.

124 449 328 492 MARCUS
351 450 507 492 Dama.

295 522 412 549 cusas

1755 87 1839 128 323

1326 180 1454 214 Publius
1470 186 1664 218 manmnisms
1687 193 1743 225 est,
1757 189 1833 226 fru-

1325 230 1456 255 mentum
1472 234 1640 267 corrnptum
1653 231 1765 261 obtinet
1777 243 1834 270 per

1326 271 1466 298 tesseram
1488 269 1618 300 Veliuam
1675 274 1760 303 Eheu
1783 285 1831 304 te-

1325 311 1418 340 ritate
1446 314 1531 341 vacui
1556 324 1620 352 vos,
1643 318 1726 354 apud
1755 327 1828 354 quos

1325 353 1414 382 unica
1440 355 1632 385 c'rcumaclio
1656 358 1745 396 efficit
1768 358 1830 389 Ro-

1326 396 1471 426 manum!
1493 397 1554 427 Ille
1571 403 1614 427 est
1632 400 1744 437 Dama,
1768 412 1826 430 uon

1326 438 1418 467 mulio
1453 440 1541 469 trium
1568 443 1690 478 assium,
1715 454 1827 481 vappa,

1327 523 1626 564 ext'guafarrag'ine.
1669 528 1758 556 Illum
1779 529 1830 557 ‹lo-

475 567 571 596 minus
584 567 785 607 circumagat,
802 571 917 606 puncto
931 567 1172 597 circumactionis
1181 566 1286 606 prodit
1302 566 1431 596 Marcus
1439 567 1552 598 Dama.
1575 569 1669 608 Papae
1679 571 1693 599 !
1716 570 1827 600 BIarco

120 717 212 748 aliter
226 718 396 758 quisquam
412 719 489 748 liber
502 721 528 748 Sc
543 719 703 758 ingenuus
717 719 836 749 censeri
847 718 950 748 debet.

118 759 256 791 Tertull.
280 762 333 791 lib.
359 762 400 791 de
427 761 603 791 Resurrect.
628 761 784 790 Libertate
808 771 877 799 opus
906 765 949 790 est

118 803 162 832 ad
187 804 338 841 virtutem,
360 804 456 842 inquil
482 804 615 841 Persius,
648 814 704 832 non
729 803 763 832 ed
789 804 848 842 qud
872 804 951 833 servi

119 845 283 885 donantur,
318 849 340 884 ἐξ·
378 846 567 876 ascribuntur
592 847 644 875 uni
675 846 837 882 Tribuum;
868 848 949 885 putd

126 886 250 918 Velinae.

167 930 207 960 Ut
220 932 343 970 quisque
363 931 484 969 Velina,
509 930 580 973 &c.]
605 932 718 962 Statim
742 942 777 962 ac
801 933 834 962 in
854 932 946 963 liber-

118 979 218 1004 tatem
245 979 377 1004 assertus
404 975 541 1014 quisque
556 975 588 1005 in
607 976 747 1014 aliquam
764 975 780 1005 ὲ
797 975 946 1006 Romanis

114 1016 278 1046 Tribubus
310 1018 583 1055 transcribebant,
617 1028 644 1046 v.
663 1028 690 1057 g.
730 1018 945 1057 Esquilinam,

115 1057 306 1097 Palatinam,
332 1060 501 1098 Velinam3
530 1067 600 1090 tum
624 1061 698 1098 jure
723 1062 854 1099 publico
870 1071 944 1100 gau-

113 1101 220 1139 debat,
245 1104 271 1132 &
305 1104 530 1133 communibus
555 1104 672 1133 civium
705 1105 942 1142 emolumentis,

116 1145 219 1183 qualis
237 1151 282 1175 est
297 1155 436 1182 annona,
457 1155 514 1175 seu
529 1146 748 1176 frumentatio,
807 1147 944 1185 Triplex

109 1185 263 1218 libertatis
278 1198 378 1228 genus
394 1190 463 1228 lege
484 1190 569 1228 apud
587 1189 682 1219 Alex.
706 1190 745 1218 ab
763 1190 861 1220 Alex.
884 1190 940 1220 lib.

117 1231 167 1260 14.
191 1240 259 1269 cap.
280 1233 329 1261 10.

160 1271 281 1312 Velina]
307 1274 367 1308 Qui
383 1273 517 1304 Velinum
541 1275 621 1304 circa
640 1275 738 1305 lacum
752 1275 939 1314 habitabant,

111 1313 238 1351 Romam
255 1316 400 1346 translati
413 1322 509 1352 sunt;
532 1319 554 1355 ξς
574 1317 679 1348 Velina
700 1319 806 1348 Tribus
821 1329 940 1349 numero

109 1359 239 1388 aliarum
253 1360 390 1389 accessit.
437 1360 528 1390 Vett.
543 1360 644 1391 Gloss.
691 1361 772 1391 Vide
787 1362 887 1392 Alex.
900 1363 938 1392 ab

110 1401 207 1431 Alex.
229 1402 281 1431 lib.
304 1404 327 1431 1.
345 1412 413 1441 cap.
433 1405 483 1433 17.

152 1445 205 1474 74.
227 1443 356 1474 Publius
380 1445 520 1484 emeruit]
547 1447 646 1478 Quasi
673 1451 818 1485 tempore
844 1449 938 1478 servi-

108 1488 189 1516 tutis
203 1492 329 1525 exacto,
339 1488 517 1519 libertatem
534 1490 648 1519 merito
663 1499 719 1520 seu
735 1496 939 1529 consecutus,

110 1528 239 1559 Patroni
259 1531 309 1559 sui
329 1540 514 1569 praenomen
539 1532 593 1571 (ut
606 1531 659 1571 fit)
681 1534 822 1570 assumit,
850 1535 936 1572 quod

108 1573 190 1601 servi
205 1572 332 1602 nullum
349 1574 524 1604 habebant:
551 1576 580 1605 δε
593 1575 696 1605 dictus
712 1585 742 1604 v.
760 1586 789 1614 g.
805 1577 936 1606 Publius

108 1614 252 1644 Licinius
269 1615 392 1646 Velina.
408 1616 559 1647 Emeruit.
572 1617 719 1656 Metaph.
736 1619 753 1647 a
769 1619 936 1657 militibus,

108 1658 166 1696 qui
180 1657 312 1687 honestat
324 1658 362 1687 de
376 1659 470 1689 causa
482 1661 655 1690 mittuntur
668 1661 816 1700 domum,
833 1663 859 1691 Sc
876 1663 936 1692 im-

108 1710 224 1730 munes
239 1700 321 1730 fiunt
333 1701 481 1740 deinceps
496 1703 514 1730 a
528 1703 682 1732 bellando.

150 1743 320 1773 Scabiosum
340 1744 416 1783 far]
440 1745 664 1781 Immundum,
687 1751 795 1784 putre,
817 1757 934 1787 gurgu-

105 1785 246 1816 lionibus
261 1795 406 1817 exesum.
451 1787 544 1817 Forte
566 1788 715 1827 intelligit
733 1799 849 1827 panem
864 1800 934 1820 ace-

105 1837 227 1866 rosum,
243 1829 415 1869 sordidum,
432 1830 596 1861 caninum.
642 1830 771 1871 Legunt
784 1833 846 1870 alii,
867 1843 934 1862 sca·

104 1871 233 1909 brosum,
257 1871 288 1902 id
313 1879 370 1910 est,
392 1882 554 1912 asperum,
578 1873 649 1911 vile,
683 1884 746 1913 prae
774 1881 934 1905 vetustate

103 1923 265 1953 rugosum.

151 1956 375 1996 Tesserulzlfar
395 1956 546 1998 possidet]
574 1959 634 1992 Qui
655 1970 692 1989 ex
708 1961 934 1991 manumissione

103 1998 181 2028 cives
209 1999 338 2031 Romani
363 2001 578 2040 efficiebantur,
613 2004 644 2032 in
674 2012 793 2032 numero
823 2005 931 2035 civium

100 2039 305 2073 Romanorum
330 2044 524 2081 frumentum
549 2045 703 2083 publicum
732 2046 931 2085 accipiebant.

100 2083 194 2114 Vett.
211 2085 311 2116 Gloss.
330 2088 356 2115 ἀ
384 2087 513 2124 quidem
540 2088 644 2126 gratis,
668 2098 709 2117 ex
730 2088 800 2128 lege
824 2090 885 2119 lata
912 2091 929 2120 a

100 2125 217 2156 Publio
233 2128 346 2158 Clodio
363 2128 508 2158 Tribuno
522 2130 635 2168 Plebis,
660 2130 773 2160 Pisone
790 2133 818 2161 ἅ]
833 2132 929 2163 Gabi-

100 2169 157 2198 nio
179 2169 389 2208 Consulibus,
410 2177 447 2201 ut
471 2178 561 2202 notat
585 2173 748 2202 Paedianus
773 2175 812 2204 ad
837 2175 926 2207 Orat.

97 2210 201 2241 Tullii
227 2213 258 2243 in
287 2214 445 2243 Pisonem.
491 2214 619 2244 Scilicet
630 2225 763 2246 annonae
780 2216 928 2248 Procura-

98 2258 149 2284 tor
164 2264 313 2295 magnam
330 2257 502 2295 quotannis
516 2257 671 2287 frumenti
684 2259 749 2287 vim
761 2259 928 2299 colligebat

100 2297 131 2325 ὃς
157 2299 304 2337 erogabat
331 2301 366 2329 iis
394 2301 599 2340 pauperibus,
616 2300 672 2338 qui
696 2307 844 2331 tesseram
870 2312 927 2334 seu

99 2345 210 2370 notam
235 2342 418 2371 antedatam
445 2348 726 2381 repraesenmrent3
752 2344 817 2381 qua
843 2346 927 2376 cives

88 2381 260 2413 Romanos
290 2395 357 2414 esse
388 2390 554 2415 constaret.
599 2384 637 2414 In
668 2395 704 2415 ea
734 2386 927 2418 scribebatur

95 2434 218 2455 nomen
242 2427 380 2458 hominis
405 2429 432 2457 δε
456 2428 581 2466 Tribus,
601 2438 631 2457 v.
649 2438 680 2467 g.
713 2428 845 2459 Publius
860 2430 925 2460 Ve-

93 2466 183 2505 lina3
216 2468 247 2498 id
264 2476 322 2507 est,
347 2471 364 2499 a
389 2470 503 2499 Velina
527 2471 639 2500 Tribu.
656 2471 789 2500 Casaub.
813 2472 925 2503 Tesse-

96 2518 163 2539 ram
180 2510 266 2541 illam
282 2512 378 2542 fuisse
392 2513 544 2551 ligneam,
569 2513 718 2543 nimirum
743 2514 759 2543 ὲ
775 2514 922 2554 ligustris,

95 2552 245 2591 colligere
268 2555 341 2584 licet
365 2556 381 2584 ὲ
397 2554 500 2584 Plinio
515 2556 571 2585 lib.
592 2555 640 2584 16.
656 2565 723 2594 cap.
746 2556 794 2586 18.
842 2558 922 2588 Tes-

95 2603 233 2625 serarum
259 2597 286 2625 ἃ
312 2598 466 2628 frumenti
492 2597 616 2637 populo
639 2597 704 2627 dati
728 2600 920 2631 meminit&

94 2637 270 2667 Suetonius
285 2639 318 2669 in
332 2641 482 2680 Augusto
507 2650 575 2679 cap.
592 2642 646 2677 41,
663 2640 692 2669 δι
709 2641 760 2670 42.
787 2641 863 2671 item
886 2644 921 2674 in

95 2678 294 2710 Domitiano.
336 2683 422 2712 Vide
439 2683 528 2722 Lips.
544 2683 645 2712 Elect.
667 2683 721 2712 lib.
741 2685 768 2712 1.
781 2693 851 2722 cap.
867 2685 896 2715 8.

97 2754 102 2758 ,
140 2723 190 2751 75.
213 2722 284 2751 Heu
308 2726 421 2754 steriles
447 2725 527 2765 veri]
552 2725 657 2756 Quam
682 2725 775 2764 longe
801 2727 918 2758 distatis

94 2763 133 2792 ab
159 2772 198 2793 eo
224 2765 309 2803 quod
325 2776 435 2797 verum
450 2774 497 2798 est
512 2768 518 2797 ἔ
555 2768 662 2800 Quam
679 2769 816 2806 turpiter
831 2770 918 2800 aber-

94 2806 166 2835 ratis
189 2807 216 2835 &
239 2808 481 2840 allucinamini!
506 2810 613 2843 Quam
635 2817 735 2839 vestra
761 2821 816 2840 vos
838 2812 920 2843 fallit

94 2856 187 2877 mens
205 2850 231 2877 Sc
249 2850 380 2887 opinio?

139 2889 304 2932 Quiritem]
339 2893 431 2923 Cives
447 2894 584 2925 Romani
600 2897 616 2925 a
633 2894 768 2927 Quirino
787 2896 921 2929 Quirites

76 2932 176 2971 dicti.
226 2934 289 2963 Hic
313 2935 441 2966 abusive
465 2947 585 2968 nomen
601 2940 662 2968 hoc
678 2945 862 2978 usurpatur,
886 2948 922 2971 ut

92 2980 209 3004 notant
226 2976 312 3005 Vett.
329 2977 431 3007 Gloss.

76 3057 82 3061 .
140 3015 207 3046 Una
220 3018 338 3060 vertigo
344 3019 445 3060 facit]
457 3021 713 3054 Manumissurus
727 3033 855 3054 servum
871 3026 925 3055 do-

92 3059 203 3090 minus
231 3071 336 3093 coram
363 3063 497 3096 Praetore
517 3075 594 3097 eum
615 3067 765 3106 sistebat3
789 3075 867 3098 mox
892 3069 926 3097 in

993 718 1101 748 orbem
1124 719 1333 748 circumactus
1358 718 1549 756 dimittebat,
1573 731 1609 750 ac
1638 732 1701 751 suae
1732 723 1820 753 velut

992 761 1192 799 relinquebat
1222 763 1379 799 potestati,
1414 762 1462 791 his
1491 764 1611 792 verbis:
1650 764 1729 794 hunc
1759 776 1820 795 esse

990 803 1113 832 liberum
1138 803 1218 841 colo,
1242 804 1385 843 Appian.
1411 806 1510 834 Alex.
1533 808 1571 834 ab
1597 807 1694 837 Alex.
1719 808 1773 839 lib.
1788 812 1819 839 4.

989 855 1059 884 cap.
1079 847 1128 875 1οζ

991 888 1093 918 Plaut.
1110 888 1304 919 Menaechm.
1321 891 1414 919 Scen.
1432 891 1480 920 19.

1064 930 1156 960 Liber
1171 935 1245 968 esto,
1258 935 1350 970 atque
1366 933 1408 961 ito
1424 934 1479 970 qui»
1494 934 1582 963 voles.

1035 974 1086 1003 76.
1109 974 1171 1003 Hic
1196 974 1298 1003 Dama
1325 974 1383 1011 est]
1418 975 1541 1006 Verum
1571 978 1745 1016 enimvero,
1770 981 1816 1009 in-

989 1017 1093 1055 quies,
1118 1017 1171 1046 hic
1198 1017 1256 1046 etsi
1286 1017 1382 1046 modo
1398 1027 1503 1047 servus
1523 1020 1597 1057 fuit,
1620 1027 1651 1049 at
1674 1022 1740 1058 jam
1765 1024 1816 1052 sui

984 1060 1064 1096 juris
1091 1065 1150 1097 est,
1175 1060 1203 1088 ἀ
1220 1059 1348 1089 Marcus
1374 1060 1478 1090 Dama
1505 1063 1695 1100 appellatur.
1742 1064 1815 1104 Vel,

988 1109 1025 1131 ut
1051 1103 1095 1132 ait
1117 1103 1309 1132 Autumnus
1334 1112 1400 1132 non
1428 1105 1606 1143 perperam,
1632 1107 1683 1135 hic
1709 1116 1816 1138 servus

987 1151 1035 1174 est
1048 1145 1142 1184 frugi,
1166 1154 1232 1174 non
1248 1151 1284 1174 ut
1300 1146 1420 1182 caeteri,
1443 1156 1554 1185 pravus
1572 1149 1598 1176 St·
1617 1149 1697 1178 vilis.

1029 1186 1146 1226 Dama]
1172 1188 1291 1218 Servile
1317 1197 1448 1218 nomen.
1492 1190 1578 1220 Vide
1606 1191 1709 1231 infra3
1747 1202 1812 1225 ver.

987 1230 1059 1260 161.
1081 1230 1121 1260 ad
1137 1239 1261 1268 vocem,
1285 1231 1383 1261 Dave.

984 1272 1094 1303 Horat.
1119 1273 1174 1302 lib.
1188 1274 1219 1302 2.
1233 1274 1299 1303 Sat.
1318 1276 1347 1303 7.

1290 1316 1399 1346 Prodis
1408 1327 1445 1346 ex
1458 1317 1484 1347 J
1484 1318 1569 1348 udice
1581 1318 1683 1350 Dama

1072 1359 1190 1398 Turpis.

983 1400 1138 1432 Observat
1167 1402 1378 1432 Casaubonus
1405 1403 1487 1433 inter
1521 1406 1653 1435 nomina
1690 1410 1813 1440 servilia

981 1443 1077 1474 fuisse
1089 1445 1236 1483 quaedam
1251 1446 1445 1483 honestiora,
1469 1447 1486 1475 ὲ
1509 1448 1626 1485 quibus
1642 1450 1729 1480 liberi
1745 1462 1811 1483 non

981 1487 1200 1525 abhorrerent,
1225 1489 1370 1526 quamvis
1394 1499 1510 1527 magna
1526 1496 1607 1520 esset
1622 1492 1656 1521 in
1671 1496 1809 1525 nomini-

979 1529 1039 1559 bus
1061 1532 1147 1569 apud
1166 1530 1325 1560 Romanos
1348 1532 1490 1561 ambitio.
1536 1532 1624 1563 Hinc
1649 1542 1696 1565 est
1721 1539 1808 1574 quod

980 1574 1146 1612 magnifice
1170 1574 1235 1611 hic,
1258 1572 1362 1602 Dama
1386 1581 1529 1613 vocatur,
1555 1577 1582 1605 dc
1611 1578 1709 1615 paulo
1736 1581 1808 1618 post

981 1617 1146 1654 repetitur,
1171 1616 1298 1645 Marcus
1311 1616 1424 1645 Dama.

1021 1657 1093 1687 Non
1119 1659 1222 1688 tressis
1241 1657 1355 1699 agaso]
1379 1659 1435 1689 Est
1447 1659 1548 1690 homo
1564 1661 1684 1692 nullius
1700 1666 1806 1703 pretii,

979 1707 1036 1729 aut
1054 1701 1228 1738 industriae,
1243 1701 1359 1731 infimae
1376 1702 1465 1732 sortis
1481 1712 1517 1732 ac
1534 1704 1711 1744 ministerii,
1727 1717 1806 1746 qua-

977 1743 1248 1781 lisjumentorurn
1264 1749 1397 1773 curator.

1021 1788 1071 1816 77.
1099 1785 1216 1825 Vappa,
1240 1787 1263 1823 «3
1279 1786 1393 1824 lippus]
1418 1787 1592 1826 Corruptus
1606 1791 1633 1819 δε
1650 1800 1804 1830 nequam,

977 1828 1066 1858 velut
1082 1838 1275 1868 vappescens
1290 1830 1401 1858 vinum
1416 1840 1424 1857 z
1461 1830 1628 1868 imperitus
1642 1843 1678 1862 ac
1694 1837 1803 1865 animo

976 1872 1160 1909 caecutiens,
1182 1872 1292 1901 similis
1305 1872 1334 1901 ei
1350 1871 1407 1911 qui
1419 1872 1523 1911 lippos
1535 1873 1633 1904 habet
1646 1877 1755 1907 oculos
1773 1881 1800 1908 ἀ

977 1914 1059 1943 male
1074 1914 1214 1944 affectos.

976 1956 1088 1986 Horat.
1102 1958 1155 1986 lib.
1177 1960 1202 1986 1.
1222 1958 1286 1988 Sat.
1302 1959 1332 1987 1.

1205 1997 1274 2029 Non
1288 2009 1344 2039 ego
1360 2009 1483 2030 avarum

1061 2042 1136 2072 Cum
1160 2047 1226 2072 veto
1246 2046 1274 2071 te
1290 2042 1375 2080 fieri,
1396 2053 1525 2082 vappam
1539 2045 1635 2083 jubeo
1659 2057 1696 2077 ac
1712 2050 1801 2081 nebu-

1144 2085 1251 2115 lenem.

1014 2127 1061 2156 Et
1085 2128 1116 2157 in
1144 2128 1228 2157 tenui
1244 2128 1416 2168 farragine
1439 2131 1584 2173 mendax]
1608 2132 1726 2173 Neque
1754 2143 1800 2167 est

972 2170 1194 2201 fraudulentus
1222 2171 1255 2201 in
1272 2172 1416 2201 minutis
1440 2173 1538 2203 etiam
1566 2175 1669 2213 rebus,
1699 2180 1727 2207 δε
1754 2189 1797 2210 ex

971 2223 1089 2252 genere
1114 2223 1226 2244 eorum
1243 2214 1300 2252 qui
1321 2215 1479 2252 jumentis
1496 2226 1566 2255 quae
1593 2227 1718 2258 curant,
1742 2231 1798 2259 pa-

971 2256 1047 2286 bula
1063 2257 1267 2287 mentiuntur
1282 2256 1367 2295 data,
1379 2257 1452 2287 cum
1465 2263 1576 2289 tamen
1592 2271 1627 2290 ea
1642 2261 1726 2293 furto
1742 2274 1796 2294 su-

972 2299 1094 2337 bripere
1109 2300 1240 2329 soleant.

1012 2341 1165 2381 Farrago]
1187 2342 1259 2379 Est,
1283 2342 1391 2381 inquit
1416 2343 1540 2382 Festus,
1564 2348 1644 2383 quod
1668 2358 1705 2377 ez·
1724 2349 1795 2388 plu·

966 2383 1049 2414 ribus
1063 2385 1150 2422 satis,
1168 2385 1278 2423 pabuli
1296 2384 1389 2414 causa
1404 2385 1494 2415 datur
1510 2388 1668 2425 jumentis.
1713 2391 1795 2424 Plin,

966 2427 1022 2456 lib.
1047 2427 1096 2456 18.
1127 2437 1198 2465 cap.
1225 2428 1276 2457 16.
1301 2428 1357 2464 ait,
1379 2435 1419 2457 ex
1445 2428 1578 2467 Catone,
1603 2432 1685 2462 idem
1713 2436 1793 2466 olim

965 2469 1062 2499 fuisse
1091 2470 1179 2508 quod
1207 2479 1371 2509 ocymum.
1418 2470 1528 2509 Varro,
1561 2474 1613 2502 lib.
1637 2477 1664 2503 1.
1688 2476 1728 2506 de
1746 2478 1793 2508 Re

967 2511 1059 2542 Rust.
1083 2522 1154 2550 cap.
1177 2513 1232 2542 31.
1265 2513 1348 2542 dicet
1372 2522 1438 2542 esse
1460 2516 1627 2554 pabulum,
1651 2528 1716 2557 quo
1738 2522 1792 2558 ju-

965 2561 1075 2585 menta
1101 2564 1198 2585 verno
1223 2560 1367 2594 tempore
1390 2564 1565 2596 purgantur
1594 2562 1623 2589 8:
1645 2563 1792 2601 saginan-

964 2601 1025 2627 tur.

963 2639 1076 2680 Virgil.
1092 2641 1240 2681 Georgic.
1262 2642 1293 2671 3.

1052 2684 1125 2713 Tum
1140 2686 1254 2714 demum
1267 2693 1368 2713 crassa
1374 2683 1545 2725 farragine
1557 2697 1665 2728 corpus

1049 2727 1265 2764 Crescerejam
1281 2728 1401 2756 domitis
1415 2728 1518 2757 sinito.

1007 2768 1059 2798 78.
1102 2769 1216 2798 Veterit
1232 2769 1310 2799 hunc
1324 2770 1472 2809 dominus]
1509 2771 1562 2802 Ex
1578 2783 1665 2804 more
1682 2777 1710 2805 ἃς
1727 2777 1789 2807 ritu

963 2812 1230 2848 manumissionis,
1253 2812 1293 2840 de
1308 2821 1373 2851 quo
1387 2814 1492 2851 supra.

1006 2853 1163 2883 IlIomem‘o
1187 2854 1312 2883 turbinis
1334 2855 1396 2884 exit
1412 2855 1542 2886 Marcus
1564 2857 1678 2897 Dama]
1705 2861 1788 2891 Cum

964 2896 1104 2935 primum
1119 2897 1336 2935 apprehensus
1356 2898 1372 2926 ὲ
1388 2896 1519 2929 domino
1535 2910 1570 2929 ac
1587 2907 1704 2930 rotatus
1717 2903 1788 2933 fue-

965 2940 1023 2967 rit:
1051 2946 1121 2976 post
1143 2939 1422 2970 circumactionem
1446 2941 1587 2979 aliosque
1613 2945 1689 2972 ritus
1712 2945 1789 2985 legi-

965 2982 1071 3018 timos,
1095 2982 1225 3020 repente
1238 2982 1273 3011 fit
1288 2983 1335 3012 sui
1356 2983 1517 3021 dominus,
1541 2985 1661 3014 honore
1676 2986 1790 3026 dignus

967 3025 996 3053 ἃ
1010 3023 1071 3053 fide
1086 3024 1151 3054 imo
1167 3026 1195 3053 δε
1211 3034 1387 3056 numerum
1403 3035 1516 3064 capax.

1011 3069 1027 3097 7
1032 3067 1062 3097 9.
1085 3066 1196 3098 Marco
1211 3067 1390 3108 spondente]
1413 3068 1504 3108 Saepe
1516 3070 1631 3108 repetit
1643 3071 1702 3102 hoc
1718 3082 1798 3113 pra.

894 3109 984 3151 Y2
