<?xml version="1.0" encoding="UTF-8"?>
<!DOCTYPE html PUBLIC "-//W3C//DTD XHTML 1.0 Transitional//EN"
    "http://www.w3.org/TR/xhtml1/DTD/xhtml1-transitional.dtd">
<html xmlns="http://www.w3.org/1999/xhtml" xml:lang="en" lang="en">
 <head>
  <title>
</title>
<meta http-equiv="Content-Type" content="text/html;charset=utf-8" />
  <meta name='ocr-system' content='tesseract 3.04.00' />
  <meta name='ocr-capabilities' content='ocr_page ocr_carea ocr_par ocr_line ocrx_word'/>
</head>
<body>
  <div class='ocr_page' id='page_1' title='image "./djuniijuvenalis00juveuoft/djuniijuvenalis00juveuoft_0331.png"; bbox 0 0 1948 3281; ppageno 0'>
   <div class='ocr_carea' id='block_1_1' title="bbox 748 79 1853 138">
    <p class='ocr_par' dir='ltr' id='par_1_1' title="bbox 748 79 1853 138">
     <span class='ocr_line' id='line_1_1' title="bbox 748 79 1853 138; baseline 0.008 -16"><span class='ocrx_word' id='word_1_1' title='bbox 748 80 935 124; x_wconf 88' lang='lat' dir='ltr'>PERSII</span> <span class='ocrx_word' id='word_1_2' title='bbox 967 79 1184 123; x_wconf 87' lang='lat' dir='ltr'><strong>SATIRA</strong></span> <span class='ocrx_word' id='word_1_3' title='bbox 1217 82 1253 123; x_wconf 91' lang='grc' dir='ltr'>Ι.</span> <span class='ocrx_word' id='word_1_4' title='bbox 1348 132 1351 138; x_wconf 91' lang='lat'>.</span> <span class='ocrx_word' id='word_1_5' title='bbox 1768 90 1853 136; x_wconf 83' lang='lat'>279</span> 
     </span>
    </p>
   </div>
   <div class='ocr_carea' id='block_1_2' title="bbox 342 170 1848 228">
    <p class='ocr_par' dir='ltr' id='par_1_2' title="bbox 342 170 1848 228">
     <span class='ocr_line' id='line_1_2' title="bbox 342 170 1848 228; baseline 0.005 -15"><span class='ocrx_word' id='word_1_6' title='bbox 342 170 416 214; x_wconf 87' lang='lat' dir='ltr'>Per</span> <span class='ocrx_word' id='word_1_7' title='bbox 436 184 502 212; x_wconf 90' lang='lat' dir='ltr'>me</span> <span class='ocrx_word' id='word_1_8' title='bbox 523 170 715 228; x_wconf 86' lang='lat' dir='ltr'>equidem</span> <span class='ocrx_word' id='word_1_9' title='bbox 739 171 822 214; x_wconf 81' lang='lat' dir='ltr'>sint</span> <span class='ocrx_word' id='word_1_10' title='bbox 842 172 984 214; x_wconf 88' lang='lat' dir='ltr'>omnia</span> <span class='ocrx_word' id='word_1_11' title='bbox 1005 173 1191 228; x_wconf 77' lang='lat' dir='ltr'>protinus</span> <span class='ocrx_word' id='word_1_12' title='bbox 1213 173 1316 216; x_wconf 83' lang='lat' dir='ltr'>alba.</span> <span class='ocrx_word' id='word_1_13' title='bbox 1333 176 1430 208; x_wconf 78' lang='lat' dir='ltr'>nimis</span> <span class='ocrx_word' id='word_1_14' title='bbox 1459 183 1572 218; x_wconf 62' lang='lat' dir='ltr'>‘reput-</span> <span class='ocrx_word' id='word_1_15' title='bbox 1622 179 1688 210; x_wconf 84' lang='lat' dir='ltr'>Per</span> <span class='ocrx_word' id='word_1_16' title='bbox 1711 191 1757 211; x_wconf 81' lang='lat' dir='ltr'>me</span> <span class='ocrx_word' id='word_1_17' title='bbox 1776 192 1848 221; x_wconf 64' lang='grc' dir='ltr'>ΡΜ·</span> 
     </span>
    </p>
   </div>
   <div class='ocr_carea' id='block_1_3' title="bbox 124 167 553 328">
    <p class='ocr_par' dir='ltr' id='par_1_3' title="bbox 124 167 553 328">
     <span class='ocr_line' id='line_1_3' title="bbox 128 167 279 212; baseline 0.02 -3"><span class='ocrx_word' id='word_1_18' title='bbox 128 167 279 212; x_wconf 89' lang='lat' dir='ltr'>Litera.</span> 
     </span>
     <span class='ocr_line' id='line_1_4' title="bbox 124 226 553 294; baseline 0.007 -26"><span class='ocrx_word' id='word_1_19' title='bbox 124 226 198 268; x_wconf 87' lang='lat' dir='ltr'>Nil</span> <span class='ocrx_word' id='word_1_20' title='bbox 221 243 386 294; x_wconf 77' lang='lat' dir='ltr'>mororz</span> <span class='ocrx_word' id='word_1_21' title='bbox 423 231 553 285; x_wconf 83' lang='lat' dir='ltr'>Euge.</span> 
     </span>
     <span class='ocr_line' id='line_1_5' title="bbox 299 296 449 328; baseline 0 0"><span class='ocrx_word' id='word_1_22' title='bbox 299 296 349 328; x_wconf 83' lang='lat' dir='ltr'>tis</span> <span class='ocrx_word' id='word_1_23' title='bbox 373 301 449 328; x_wconf 90' lang='lat' dir='ltr'>res.</span> 
     </span>
    </p>
   </div>
   <div class='ocr_carea' id='block_1_4' title="bbox 615 230 1552 302">
    <p class='ocr_par' dir='ltr' id='par_1_4' title="bbox 615 230 1552 302">
     <span class='ocr_line' id='line_1_6' title="bbox 615 230 1552 302; baseline 0.013 -33"><span class='ocrx_word' id='word_1_24' title='bbox 615 230 791 282; x_wconf 87' lang='lat' dir='ltr'>Omnes,</span> <span class='ocrx_word' id='word_1_25' title='bbox 808 244 954 271; x_wconf 85' lang='lat' dir='ltr'>omncs</span> <span class='ocrx_word' id='word_1_26' title='bbox 977 230 1081 272; x_wconf 72' lang='lat' dir='ltr'>bene</span> <span class='ocrx_word' id='word_1_27' title='bbox 1105 231 1220 273; x_wconf 88' lang='lat' dir='ltr'>mirae</span> <span class='ocrx_word' id='word_1_28' title='bbox 1242 232 1319 274; x_wconf 86' lang='lat' dir='ltr'>eri·</span> <span class='ocrx_word' id='word_1_29' title='bbox 1331 270 1400 301; x_wconf 67' lang='lat' dir='ltr'>ceps</span> <span class='ocrx_word' id='word_1_30' title='bbox 1430 267 1552 302; x_wconf 82' lang='lat' dir='ltr'>pulcra.</span> 
     </span>
    </p>
   </div>
   <div class='ocr_carea' id='block_1_5' title="bbox 1175 219 1847 352">
    <p class='ocr_par' dir='ltr' id='par_1_5' title="bbox 1175 219 1847 352">
     <span class='ocr_line' id='line_1_7' title="bbox 1321 219 1847 259; baseline 0.01 -10"><span class='ocrx_word' id='word_1_31' title='bbox 1321 219 1414 256; x_wconf 69' lang='lat' dir='ltr'>seced</span> <span class='ocrx_word' id='word_1_32' title='bbox 1428 221 1515 259; x_wconf 70' lang='lat' dir='ltr'>licet,</span> <span class='ocrx_word' id='word_1_33' title='bbox 1539 226 1648 252; x_wconf 80' lang='lat' dir='ltr'>cuncta</span> <span class='ocrx_word' id='word_1_34' title='bbox 1662 229 1750 254; x_wconf 80' lang='lat' dir='ltr'>sunto</span> <span class='ocrx_word' id='word_1_35' title='bbox 1764 226 1847 254; x_wconf 77' lang='lat' dir='ltr'>dein-</span> 
     </span>
     <span class='ocr_line' id='line_1_8' title="bbox 1607 266 1846 306; baseline 0.013 -12"><span class='ocrx_word' id='word_1_36' title='bbox 1607 266 1681 295; x_wconf 78' lang='lat' dir='ltr'>Non</span> <span class='ocrx_word' id='word_1_37' title='bbox 1717 268 1846 306; x_wconf 81' lang='lat' dir='ltr'><em>impedio</em></span> 
     </span>
     <span class='ocr_line' id='line_1_9' title="bbox 1175 289 1845 352; baseline 0.012 -21"><span class='ocrx_word' id='word_1_38' title='bbox 1175 289 1317 352; x_wconf 46' lang='lat' dir='ltr'>.[1Um-</span> <span class='ocrx_word' id='word_1_39' title='bbox 1330 307 1494 346; x_wconf 80' lang='lat' dir='ltr'><em>quidquam</em></span> <span class='ocrx_word' id='word_1_40' title='bbox 1505 319 1514 336; x_wconf 90' lang='lat'><em>:</em></span> <span class='ocrx_word' id='word_1_41' title='bbox 1539 308 1610 338; x_wconf 71' lang='lat' dir='ltr'>hene</span> <span class='ocrx_word' id='word_1_42' title='bbox 1623 313 1676 339; x_wconf 82' lang='lat' dir='ltr'>est.</span> <span class='ocrx_word' id='word_1_43' title='bbox 1723 310 1845 349; x_wconf 80' lang='lat' dir='ltr'>Onmia,</span> 
     </span>
    </p>
   </div>
   <div class='ocr_carea' id='block_1_6' title="bbox 124 342 1843 402">
    <p class='ocr_par' dir='ltr' id='par_1_6' title="bbox 124 342 1843 402">
     <span class='ocr_line' id='line_1_10' title="bbox 124 342 1843 402; baseline 0.005 -18"><span class='ocrx_word' id='word_1_44' title='bbox 124 343 220 384; x_wconf 89' lang='lat' dir='ltr'>Hoc</span> <span class='ocrx_word' id='word_1_45' title='bbox 237 342 351 399; x_wconf 89' lang='lat' dir='ltr'>juvat</span> <span class='ocrx_word' id='word_1_46' title='bbox 372 360 381 384; x_wconf 75' lang='grc' dir='ltr'><strong><em>ε</em></strong></span> <span class='ocrx_word' id='word_1_47' title='bbox 418 345 502 395; x_wconf 82' lang='lat' dir='ltr'>hic,</span> <span class='ocrx_word' id='word_1_48' title='bbox 535 344 689 401; x_wconf 79' lang='lat' dir='ltr'>inquis,</span> <span class='ocrx_word' id='word_1_49' title='bbox 720 354 828 397; x_wconf 89' lang='lat' dir='ltr'>veto,</span> <span class='ocrx_word' id='word_1_50' title='bbox 861 344 1082 402; x_wconf 89' lang='lat' dir='ltr'>quisquam</span> <span class='ocrx_word' id='word_1_51' title='bbox 1103 345 1205 387; x_wconf 79' lang='lat' dir='ltr'>faxit</span> <span class='ocrx_word' id='word_1_52' title='bbox 1227 348 1313 388; x_wconf 90' lang='lat' dir='ltr'>ole·</span> <span class='ocrx_word' id='word_1_53' title='bbox 1330 351 1442 388; x_wconf 81' lang='lat' dir='ltr'>omnia,</span> <span class='ocrx_word' id='word_1_54' title='bbox 1464 351 1610 389; x_wconf 82' lang='lat' dir='ltr'>inquam,</span> <span class='ocrx_word' id='word_1_55' title='bbox 1643 352 1729 382; x_wconf 73' lang='lat' dir='ltr'>eritis</span> <span class='ocrx_word' id='word_1_56' title='bbox 1752 353 1843 383; x_wconf 63' lang='lat' dir='ltr'>valde</span> 
     </span>
    </p>
   </div>
   <div class='ocr_carea' id='block_1_7' title="bbox 121 399 564 459">
    <p class='ocr_par' dir='ltr' id='par_1_7' title="bbox 121 399 564 459">
     <span class='ocr_line' id='line_1_11' title="bbox 121 399 564 459; baseline 0.007 -18"><span class='ocrx_word' id='word_1_57' title='bbox 121 399 248 458; x_wconf 85' lang='lat' dir='ltr'>Pinge</span> <span class='ocrx_word' id='word_1_58' title='bbox 270 402 373 443; x_wconf 88' lang='lat' dir='ltr'>duos</span> <span class='ocrx_word' id='word_1_59' title='bbox 395 417 564 459; x_wconf 86' lang='lat' dir='ltr'>angues.</span> 
     </span>
    </p>
   </div>
   <div class='ocr_carea' id='block_1_8' title="bbox 1327 393 1842 433">
    <p class='ocr_par' dir='ltr' id='par_1_8' title="bbox 1327 393 1842 433">
     <span class='ocr_line' id='line_1_12' title="bbox 1327 393 1842 433; baseline 0.008 -12"><span class='ocrx_word' id='word_1_60' title='bbox 1327 393 1534 423; x_wconf 81' lang='lat' dir='ltr'><em>admirabilia.</em></span> <span class='ocrx_word' id='word_1_61' title='bbox 1595 394 1684 424; x_wconf 68' lang='lat' dir='ltr'>Istud</span> <span class='ocrx_word' id='word_1_62' title='bbox 1708 394 1813 433; x_wconf 81' lang='lat' dir='ltr'>placet</span> <span class='ocrx_word' id='word_1_63' title='bbox 1832 409 1842 425; x_wconf 87' lang='lat'>.-</span> 
     </span>
    </p>
   </div>
   <div class='ocr_carea' id='block_1_9' title="bbox 628 403 1843 476">
    <p class='ocr_par' dir='ltr' id='par_1_9' title="bbox 628 403 1843 476">
     <span class='ocr_line' id='line_1_13' title="bbox 628 403 1843 476; baseline 0.006 -32"><span class='ocrx_word' id='word_1_64' title='bbox 628 404 759 453; x_wconf 81' lang='lat' dir='ltr'>Pueri,</span> <span class='ocrx_word' id='word_1_65' title='bbox 784 417 894 444; x_wconf 85' lang='lat' dir='ltr'>sacer</span> <span class='ocrx_word' id='word_1_66' title='bbox 914 413 973 444; x_wconf 89' lang='lat' dir='ltr'>est</span> <span class='ocrx_word' id='word_1_67' title='bbox 995 403 1137 445; x_wconf 88' lang='lat' dir='ltr'>locus:</span> <span class='ocrx_word' id='word_1_68' title='bbox 1172 407 1287 447; x_wconf 78' lang='lat' dir='ltr'>extra</span> <span class='ocrx_word' id='word_1_69' title='bbox 1327 435 1404 474; x_wconf 77' lang='lat' dir='ltr'>illic,</span> <span class='ocrx_word' id='word_1_70' title='bbox 1429 437 1488 473; x_wconf 78' lang='lat' dir='ltr'>ais,</span> <span class='ocrx_word' id='word_1_71' title='bbox 1512 436 1670 476; x_wconf 76' lang='lat' dir='ltr'>prohibeo,</span> <span class='ocrx_word' id='word_1_72' title='bbox 1702 448 1739 467; x_wconf 82' lang='lat' dir='ltr'>ne</span> <span class='ocrx_word' id='word_1_73' title='bbox 1761 438 1843 468; x_wconf 73' lang='lat' dir='ltr'>ullus</span> 
     </span>
    </p>
   </div>
   <div class='ocr_carea' id='block_1_10' title="bbox 279 477 1841 520">
    <p class='ocr_par' dir='ltr' id='par_1_10' title="bbox 279 477 1841 520">
     <span class='ocr_line' id='line_1_14' title="bbox 279 477 1841 520; baseline 0.002 -12"><span class='ocrx_word' id='word_1_74' title='bbox 279 477 388 516; x_wconf 73' lang='lat' dir='ltr'>faciat</span> <span class='ocrx_word' id='word_1_75' title='bbox 404 482 532 510; x_wconf 70' lang='lat' dir='ltr'>stercus.</span> <span class='ocrx_word' id='word_1_76' title='bbox 574 479 719 520; x_wconf 75' lang='lat' dir='ltr'>Appinge</span> <span class='ocrx_word' id='word_1_77' title='bbox 741 479 827 509; x_wconf 81' lang='lat' dir='ltr'>binos</span> <span class='ocrx_word' id='word_1_78' title='bbox 837 483 997 518; x_wconf 69' lang='lat' dir='ltr'>serpentes.</span> <span class='ocrx_word' id='word_1_79' title='bbox 1042 479 1222 518; x_wconf 78' lang='lat' dir='ltr'>Ojuvents,</span> <span class='ocrx_word' id='word_1_80' title='bbox 1243 484 1352 509; x_wconf 60' lang='lat' dir='ltr'>sancta</span> <span class='ocrx_word' id='word_1_81' title='bbox 1366 484 1409 510; x_wconf 72' lang='lat' dir='ltr'>est</span> <span class='ocrx_word' id='word_1_82' title='bbox 1425 484 1505 511; x_wconf 76' lang='lat' dir='ltr'>terra</span> <span class='ocrx_word' id='word_1_83' title='bbox 1522 481 1591 511; x_wconf 76' lang='lat' dir='ltr'>haec</span> <span class='ocrx_word' id='word_1_84' title='bbox 1603 492 1609 509; x_wconf 78' lang='lat' dir='ltr'><em>z</em></span> <span class='ocrx_word' id='word_1_85' title='bbox 1623 481 1720 519; x_wconf 80' lang='lat' dir='ltr'>foras</span> <span class='ocrx_word' id='word_1_86' title='bbox 1733 481 1841 511; x_wconf 80' lang='lat' dir='ltr'>lolium</span> 
     </span>
    </p>
   </div>
   <div class='ocr_carea' id='block_1_11' title="bbox 906 604 1036 614">
    <p class='ocr_par' dir='ltr' id='par_1_11' title="bbox 906 604 1036 614">
     <span class='ocr_line' id='line_1_15' title="bbox 906 604 1036 614; baseline 0.015 -2"><span class='ocrx_word' id='word_1_87' title='bbox 906 604 1036 614; x_wconf 65' lang='grc'><em>...-</em></span> 
     </span>
    </p>
   </div>
   <div class='ocr_carea' id='block_1_12' title="bbox 81 698 945 1777">
    <p class='ocr_par' dir='ltr' id='par_1_12' title="bbox 108 698 945 956">
     <span class='ocr_line' id='line_1_16' title="bbox 111 698 945 737; baseline -0.002 -8"><span class='ocrx_word' id='word_1_88' title='bbox 111 699 252 729; x_wconf 81' lang='lat' dir='ltr'>amicitia</span> <span class='ocrx_word' id='word_1_89' title='bbox 279 699 477 737; x_wconf 83' lang='lat' dir='ltr'>excludant3</span> <span class='ocrx_word' id='word_1_90' title='bbox 502 698 552 728; x_wconf 76' lang='lat' dir='ltr'>vel</span> <span class='ocrx_word' id='word_1_91' title='bbox 579 698 676 729; x_wconf 87' lang='lat' dir='ltr'>etiam</span> <span class='ocrx_word' id='word_1_92' title='bbox 702 702 840 728; x_wconf 88' lang='lat' dir='ltr'>mortem</span> <span class='ocrx_word' id='word_1_93' title='bbox 865 698 945 728; x_wconf 84' lang='lat' dir='ltr'>infe-</span> 
     </span>
     <span class='ocr_line' id='line_1_17' title="bbox 112 742 537 783; baseline 0 -12"><span class='ocrx_word' id='word_1_94' title='bbox 112 750 194 781; x_wconf 84' lang='lat' dir='ltr'>rant,</span> <span class='ocrx_word' id='word_1_95' title='bbox 218 753 289 782; x_wconf 72' lang='lat' dir='ltr'>quae</span> <span class='ocrx_word' id='word_1_96' title='bbox 312 742 439 783; x_wconf 80' lang='lat' dir='ltr'>frigidos</span> <span class='ocrx_word' id='word_1_97' title='bbox 453 742 537 773; x_wconf 85' lang='lat' dir='ltr'>facit.</span> 
     </span>
     <span class='ocr_line' id='line_1_18' title="bbox 108 783 486 823; baseline 0.003 -9"><span class='ocrx_word' id='word_1_98' title='bbox 108 783 220 816; x_wconf 82' lang='lat' dir='ltr'>Horat.</span> <span class='ocrx_word' id='word_1_99' title='bbox 247 787 312 816; x_wconf 87' lang='lat' dir='ltr'>Sat.</span> <span class='ocrx_word' id='word_1_100' title='bbox 333 789 362 823; x_wconf 77' lang='lat' dir='ltr'>i,</span> <span class='ocrx_word' id='word_1_101' title='bbox 386 786 439 815; x_wconf 89' lang='lat' dir='ltr'>lib.</span> <span class='ocrx_word' id='word_1_102' title='bbox 457 786 486 816; x_wconf 77' lang='lat'>2.</span> 
     </span>
     <span class='ocr_line' id='line_1_19' title="bbox 350 826 786 867; baseline 0.002 -12"><span class='ocrx_word' id='word_1_103' title='bbox 350 844 394 855; x_wconf 84' lang='grc'>-</span> <span class='ocrx_word' id='word_1_104' title='bbox 548 826 675 867; x_wconf 80' lang='lat' dir='ltr'>Opuer,</span> <span class='ocrx_word' id='word_1_105' title='bbox 698 830 731 856; x_wconf 81' lang='lat' dir='ltr'>ut</span> <span class='ocrx_word' id='word_1_106' title='bbox 744 826 786 856; x_wconf 77' lang='lat' dir='ltr'>sis</span> 
     </span>
     <span class='ocr_line' id='line_1_20' title="bbox 180 870 856 911; baseline -0.003 -8"><span class='ocrx_word' id='word_1_107' title='bbox 180 872 297 903; x_wconf 58' lang='lat' dir='ltr'>menits</span> <span class='ocrx_word' id='word_1_108' title='bbox 313 877 423 909; x_wconf 79' lang='lat' dir='ltr'>metuo,</span> <span class='ocrx_word' id='word_1_109' title='bbox 446 871 593 911; x_wconf 75' lang='lat' dir='ltr'>majorum</span> <span class='ocrx_word' id='word_1_110' title='bbox 610 880 647 899; x_wconf 82' lang='lat' dir='ltr'>ne</span> <span class='ocrx_word' id='word_1_111' title='bbox 662 870 728 909; x_wconf 79' lang='lat' dir='ltr'>quis</span> <span class='ocrx_word' id='word_1_112' title='bbox 742 870 856 901; x_wconf 81' lang='lat' dir='ltr'>amicus</span> 
     </span>
     <span class='ocr_line' id='line_1_21' title="bbox 180 914 472 956; baseline -0.01 -10"><span class='ocrx_word' id='word_1_113' title='bbox 180 916 307 956; x_wconf 67' lang='lat' dir='ltr'>Fr&#39;gore</span> <span class='ocrx_word' id='word_1_114' title='bbox 322 914 472 953; x_wconf 64' lang='lat' dir='ltr'>tej&#39;etiut.</span> 
     </span>
    </p>

    <p class='ocr_par' dir='ltr' id='par_1_13' title="bbox 102 956 941 1084">
     <span class='ocr_line' id='line_1_22' title="bbox 148 956 941 998; baseline 0.001 -10"><span class='ocrx_word' id='word_1_115' title='bbox 148 959 244 989; x_wconf 66' lang='lat' dir='ltr'>So‘nat</span> <span class='ocrx_word' id='word_1_116' title='bbox 262 958 324 998; x_wconf 52' lang='lat' dir='ltr'>uic]</span> <span class='ocrx_word' id='word_1_117' title='bbox 348 958 384 989; x_wconf 88' lang='lat' dir='ltr'>In</span> <span class='ocrx_word' id='word_1_118' title='bbox 411 958 473 988; x_wconf 86' lang='lat' dir='ltr'>tuis</span> <span class='ocrx_word' id='word_1_119' title='bbox 500 957 608 988; x_wconf 76' lang='lat' dir='ltr'>Satiris</span> <span class='ocrx_word' id='word_1_120' title='bbox 625 956 759 987; x_wconf 70' lang='lat' dir='ltr'>nimium</span> <span class='ocrx_word' id='word_1_121' title='bbox 787 964 831 988; x_wconf 88' lang='lat' dir='ltr'>est</span> <span class='ocrx_word' id='word_1_122' title='bbox 856 968 941 989; x_wconf 83' lang='lat' dir='ltr'>acer-</span> 
     </span>
     <span class='ocr_line' id='line_1_23' title="bbox 102 1000 940 1033; baseline 0.001 -1"><span class='ocrx_word' id='word_1_123' title='bbox 102 1001 230 1032; x_wconf 83' lang='lat' dir='ltr'>bitatis:</span> <span class='ocrx_word' id='word_1_124' title='bbox 256 1003 306 1032; x_wconf 77' lang='lat' dir='ltr'>vel</span> <span class='ocrx_word' id='word_1_125' title='bbox 333 1001 366 1031; x_wconf 90' lang='lat' dir='ltr'>in</span> <span class='ocrx_word' id='word_1_126' title='bbox 392 1001 490 1031; x_wconf 77' lang='lat' dir='ltr'>domo</span> <span class='ocrx_word' id='word_1_127' title='bbox 506 1000 640 1031; x_wconf 86' lang='lat' dir='ltr'>Neronis</span> <span class='ocrx_word' id='word_1_128' title='bbox 667 1009 702 1029; x_wconf 87' lang='lat' dir='ltr'>ac</span> <span class='ocrx_word' id='word_1_129' title='bbox 721 1001 882 1032; x_wconf 86' lang='lat' dir='ltr'>nobilium</span> <span class='ocrx_word' id='word_1_130' title='bbox 896 1003 940 1033; x_wconf 81' lang='lat' dir='ltr'>ira</span> 
     </span>
     <span class='ocr_line' id='line_1_24' title="bbox 104 1043 765 1084; baseline -0.002 -10"><span class='ocrx_word' id='word_1_131' title='bbox 104 1045 132 1074; x_wconf 64' lang='lat' dir='ltr'>St</span> <span class='ocrx_word' id='word_1_132' title='bbox 152 1046 233 1076; x_wconf 86' lang='lat' dir='ltr'>ultio</span> <span class='ocrx_word' id='word_1_133' title='bbox 248 1046 401 1084; x_wconf 81' lang='lat' dir='ltr'>frequens</span> <span class='ocrx_word' id='word_1_134' title='bbox 416 1050 472 1075; x_wconf 86' lang='lat' dir='ltr'>est.</span> <span class='ocrx_word' id='word_1_135' title='bbox 519 1044 599 1075; x_wconf 87' lang='lat' dir='ltr'>1-1aec</span> <span class='ocrx_word' id='word_1_136' title='bbox 616 1043 765 1073; x_wconf 86' lang='lat' dir='ltr'>monitor.</span> 
     </span>
    </p>

    <p class='ocr_par' dir='ltr' id='par_1_14' title="bbox 95 1087 937 1249">
     <span class='ocr_line' id='line_1_25' title="bbox 140 1087 937 1126; baseline -0.001 -7"><span class='ocrx_word' id='word_1_137' title='bbox 140 1089 191 1119; x_wconf 83' lang='lat' dir='ltr'>De</span> <span class='ocrx_word' id='word_1_138' title='bbox 206 1099 281 1119; x_wconf 82' lang='lat' dir='ltr'>nare</span> <span class='ocrx_word' id='word_1_139' title='bbox 293 1089 406 1118; x_wconf 75' lang='lat' dir='ltr'>canina</span> <span class='ocrx_word' id='word_1_140' title='bbox 423 1087 530 1126; x_wconf 81' lang='lat' dir='ltr'>litera]</span> <span class='ocrx_word' id='word_1_141' title='bbox 557 1088 661 1118; x_wconf 88' lang='lat' dir='ltr'>Litera</span> <span class='ocrx_word' id='word_1_142' title='bbox 687 1087 800 1117; x_wconf 88' lang='lat' dir='ltr'>canina</span> <span class='ocrx_word' id='word_1_143' title='bbox 827 1095 874 1119; x_wconf 90' lang='lat' dir='ltr'>est</span> <span class='ocrx_word' id='word_1_144' title='bbox 901 1088 937 1119; x_wconf 80' lang='lat' dir='ltr'>R.</span> 
     </span>
     <span class='ocr_line' id='line_1_26' title="bbox 98 1129 937 1168; baseline 0 -6"><span class='ocrx_word' id='word_1_145' title='bbox 98 1129 182 1162; x_wconf 83' lang='lat' dir='ltr'>hanc</span> <span class='ocrx_word' id='word_1_146' title='bbox 200 1134 287 1163; x_wconf 89' lang='lat' dir='ltr'>enim</span> <span class='ocrx_word' id='word_1_147' title='bbox 301 1141 397 1161; x_wconf 87' lang='lat' dir='ltr'>canes</span> <span class='ocrx_word' id='word_1_148' title='bbox 412 1131 562 1161; x_wconf 80' lang='lat' dir='ltr'>videntur</span> <span class='ocrx_word' id='word_1_149' title='bbox 575 1130 769 1168; x_wconf 85' lang='lat' dir='ltr'>exprimere,</span> <span class='ocrx_word' id='word_1_150' title='bbox 792 1131 870 1162; x_wconf 89' lang='lat' dir='ltr'>dum</span> <span class='ocrx_word' id='word_1_151' title='bbox 890 1142 937 1162; x_wconf 81' lang='lat' dir='ltr'>re-</span> 
     </span>
     <span class='ocr_line' id='line_1_27' title="bbox 97 1172 933 1214; baseline 0.004 -12"><span class='ocrx_word' id='word_1_152' title='bbox 97 1176 210 1206; x_wconf 73' lang='lat' dir='ltr'>strictis</span> <span class='ocrx_word' id='word_1_153' title='bbox 226 1176 315 1206; x_wconf 87' lang='lat' dir='ltr'>labiis</span> <span class='ocrx_word' id='word_1_154' title='bbox 330 1175 463 1204; x_wconf 87' lang='lat' dir='ltr'>irritatos</span> <span class='ocrx_word' id='word_1_155' title='bbox 479 1184 512 1203; x_wconf 89' lang='lat' dir='ltr'>se</span> <span class='ocrx_word' id='word_1_156' title='bbox 535 1172 726 1214; x_wconf 76' lang='lat' dir='ltr'>significant,</span> <span class='ocrx_word' id='word_1_157' title='bbox 750 1180 848 1213; x_wconf 87' lang='lat' dir='ltr'>atque</span> <span class='ocrx_word' id='word_1_158' title='bbox 865 1175 933 1205; x_wconf 87' lang='lat' dir='ltr'>hir·</span> 
     </span>
     <span class='ocr_line' id='line_1_28' title="bbox 95 1217 195 1249; baseline 0.01 -4"><span class='ocrx_word' id='word_1_159' title='bbox 95 1217 195 1249; x_wconf 89' lang='lat' dir='ltr'>riunt.</span> 
     </span>
    </p>

    <p class='ocr_par' dir='ltr' id='par_1_15' title="bbox 91 1259 933 1422">
     <span class='ocr_line' id='line_1_29' title="bbox 142 1259 933 1300; baseline 0 -8"><span class='ocrx_word' id='word_1_160' title='bbox 142 1263 212 1292; x_wconf 87' lang='lat'>110.</span> <span class='ocrx_word' id='word_1_161' title='bbox 237 1261 298 1291; x_wconf 87' lang='lat' dir='ltr'>Per</span> <span class='ocrx_word' id='word_1_162' title='bbox 312 1272 356 1292; x_wconf 88' lang='lat' dir='ltr'>me</span> <span class='ocrx_word' id='word_1_163' title='bbox 368 1260 519 1300; x_wconf 81' lang='lat' dir='ltr'>equidem]</span> <span class='ocrx_word' id='word_1_164' title='bbox 544 1260 725 1299; x_wconf 83' lang='lat' dir='ltr'>Respondet</span> <span class='ocrx_word' id='word_1_165' title='bbox 739 1259 861 1291; x_wconf 80' lang='lat' dir='ltr'>Persius</span> <span class='ocrx_word' id='word_1_166' title='bbox 876 1271 933 1300; x_wconf 90' lang='lat' dir='ltr'>per</span> 
     </span>
     <span class='ocr_line' id='line_1_30' title="bbox 93 1303 929 1343; baseline 0 -8"><span class='ocrx_word' id='word_1_167' title='bbox 93 1306 333 1335; x_wconf 85' lang='lat' dir='ltr'>concessionem</span> <span class='ocrx_word' id='word_1_168' title='bbox 351 1306 518 1342; x_wconf 86' lang='lat' dir='ltr'>ironicam,</span> <span class='ocrx_word' id='word_1_169' title='bbox 533 1305 557 1334; x_wconf 87' lang='lat' dir='ltr'>si</span> <span class='ocrx_word' id='word_1_170' title='bbox 572 1304 705 1343; x_wconf 86' lang='lat' dir='ltr'>quidem</span> <span class='ocrx_word' id='word_1_171' title='bbox 720 1303 763 1332; x_wconf 89' lang='lat' dir='ltr'>ita</span> <span class='ocrx_word' id='word_1_172' title='bbox 777 1305 834 1342; x_wconf 81' lang='lat' dir='ltr'>vis,</span> <span class='ocrx_word' id='word_1_173' title='bbox 857 1314 929 1343; x_wconf 89' lang='lat' dir='ltr'>pro-</span> 
     </span>
     <span class='ocr_line' id='line_1_31' title="bbox 92 1346 927 1386; baseline 0.004 -11"><span class='ocrx_word' id='word_1_174' title='bbox 92 1346 211 1379; x_wconf 88' lang='lat' dir='ltr'>bentur</span> <span class='ocrx_word' id='word_1_175' title='bbox 235 1350 346 1379; x_wconf 89' lang='lat' dir='ltr'>omnia</span> <span class='ocrx_word' id='word_1_176' title='bbox 363 1349 451 1378; x_wconf 78' lang='lat' dir='ltr'>velut</span> <span class='ocrx_word' id='word_1_177' title='bbox 467 1348 637 1386; x_wconf 88' lang='lat' dir='ltr'>concinna,</span> <span class='ocrx_word' id='word_1_178' title='bbox 662 1348 758 1376; x_wconf 87' lang='lat' dir='ltr'>etiam</span> <span class='ocrx_word' id='word_1_179' title='bbox 774 1356 845 1386; x_wconf 76' lang='lat' dir='ltr'>quae</span> <span class='ocrx_word' id='word_1_180' title='bbox 864 1348 927 1378; x_wconf 88' lang='lat' dir='ltr'>mi-</span> 
     </span>
     <span class='ocr_line' id='line_1_32' title="bbox 91 1391 285 1422; baseline 0.01 -2"><span class='ocrx_word' id='word_1_181' title='bbox 91 1391 180 1421; x_wconf 74' lang='lat' dir='ltr'>nime</span> <span class='ocrx_word' id='word_1_182' title='bbox 196 1397 285 1422; x_wconf 89' lang='lat' dir='ltr'>sunt.</span> 
     </span>
    </p>

    <p class='ocr_par' dir='ltr' id='par_1_16' title="bbox 87 1432 925 1595">
     <span class='ocr_line' id='line_1_33' title="bbox 133 1432 925 1476; baseline 0.001 -12"><span class='ocrx_word' id='word_1_183' title='bbox 133 1433 233 1476; x_wconf 79' lang='lat' dir='ltr'>Alba]</span> <span class='ocrx_word' id='word_1_184' title='bbox 257 1436 347 1466; x_wconf 88' lang='lat' dir='ltr'>Sicut</span> <span class='ocrx_word' id='word_1_185' title='bbox 363 1436 491 1475; x_wconf 87' lang='lat' dir='ltr'>nigrum</span> <span class='ocrx_word' id='word_1_186' title='bbox 508 1444 566 1474; x_wconf 89' lang='lat' dir='ltr'>pro</span> <span class='ocrx_word' id='word_1_187' title='bbox 582 1432 680 1471; x_wconf 83' lang='lat' dir='ltr'>malo,</span> <span class='ocrx_word' id='word_1_188' title='bbox 706 1434 749 1464; x_wconf 90' lang='lat' dir='ltr'>ita</span> <span class='ocrx_word' id='word_1_189' title='bbox 767 1444 822 1473; x_wconf 89' lang='lat' dir='ltr'>pro</span> <span class='ocrx_word' id='word_1_190' title='bbox 839 1434 925 1465; x_wconf 91' lang='lat' dir='ltr'>bono</span> 
     </span>
     <span class='ocr_line' id='line_1_34' title="bbox 89 1476 920 1518; baseline 0.002 -12"><span class='ocrx_word' id='word_1_191' title='bbox 89 1476 202 1508; x_wconf 84' lang='lat' dir='ltr'>album</span> <span class='ocrx_word' id='word_1_192' title='bbox 230 1479 369 1517; x_wconf 88' lang='lat' dir='ltr'>ponitur.</span> <span class='ocrx_word' id='word_1_193' title='bbox 417 1478 609 1518; x_wconf 83' lang='lat' dir='ltr'>Pythagoras</span> <span class='ocrx_word' id='word_1_194' title='bbox 632 1477 719 1515; x_wconf 86' lang='lat' dir='ltr'>apud</span> <span class='ocrx_word' id='word_1_195' title='bbox 738 1477 920 1508; x_wconf 63' lang='lat' dir='ltr'>Laenium:</span> 
     </span>
     <span class='ocr_line' id='line_1_35' title="bbox 87 1518 924 1561; baseline 0.002 -12"><span class='ocrx_word' id='word_1_196' title='bbox 87 1518 123 1549; x_wconf 74' lang='grc' dir='ltr'>τὸ</span> <span class='ocrx_word' id='word_1_197' title='bbox 146 1519 205 1559; x_wconf 73' lang='grc' dir='ltr'>μὲν</span> <span class='ocrx_word' id='word_1_198' title='bbox 225 1521 325 1553; x_wconf 57' lang='lat' dir='ltr'>neuneu</span> <span class='ocrx_word' id='word_1_199' title='bbox 349 1522 403 1556; x_wconf 67' lang='grc' dir='ltr'>τῆς</span> <span class='ocrx_word' id='word_1_200' title='bbox 426 1519 534 1561; x_wconf 66' lang='grc' dir='ltr'>ἀγαὸῦ</span> <span class='ocrx_word' id='word_1_201' title='bbox 556 1519 684 1560; x_wconf 66' lang='grc' dir='ltr'>φύσεως,</span> <span class='ocrx_word' id='word_1_202' title='bbox 715 1519 750 1549; x_wconf 74' lang='grc' dir='ltr'>τὸ</span> <span class='ocrx_word' id='word_1_203' title='bbox 775 1518 806 1550; x_wconf 74' lang='grc' dir='ltr'>δὲ</span> <span class='ocrx_word' id='word_1_204' title='bbox 825 1520 924 1560; x_wconf 74' lang='grc' dir='ltr'>μέλαν</span> 
     </span>
     <span class='ocr_line' id='line_1_36' title="bbox 87 1565 176 1595; baseline 0.034 -3"><span class='ocrx_word' id='word_1_205' title='bbox 87 1565 176 1595; x_wconf 69' lang='grc' dir='ltr'><strong><em>ιιιῢ.</em></strong></span> 
     </span>
    </p>

    <p class='ocr_par' dir='ltr' id='par_1_17' title="bbox 81 1607 921 1734">
     <span class='ocr_line' id='line_1_37' title="bbox 133 1607 921 1648; baseline 0.003 -11"><span class='ocrx_word' id='word_1_206' title='bbox 133 1611 202 1640; x_wconf 90' lang='grc'><strong>111.</strong></span> <span class='ocrx_word' id='word_1_207' title='bbox 232 1610 354 1648; x_wconf 83' lang='lat' dir='ltr'>Omnes,</span> <span class='ocrx_word' id='word_1_208' title='bbox 378 1607 492 1648; x_wconf 81' lang='lat' dir='ltr'>omnes]</span> <span class='ocrx_word' id='word_1_209' title='bbox 515 1607 602 1638; x_wconf 86' lang='lat' dir='ltr'>Volo</span> <span class='ocrx_word' id='word_1_210' title='bbox 629 1607 782 1648; x_wconf 75' lang='lat' dir='ltr'>deinceps</span> <span class='ocrx_word' id='word_1_211' title='bbox 799 1609 921 1646; x_wconf 88' lang='lat' dir='ltr'>omnia,</span> 
     </span>
     <span class='ocr_line' id='line_1_38' title="bbox 84 1651 920 1692; baseline 0.004 -13"><span class='ocrx_word' id='word_1_212' title='bbox 84 1652 207 1691; x_wconf 87' lang='lat' dir='ltr'>omnia,</span> <span class='ocrx_word' id='word_1_213' title='bbox 243 1653 391 1692; x_wconf 86' lang='lat' dir='ltr'>inquam,</span> <span class='ocrx_word' id='word_1_214' title='bbox 429 1662 505 1682; x_wconf 90' lang='lat' dir='ltr'>cum</span> <span class='ocrx_word' id='word_1_215' title='bbox 529 1652 598 1681; x_wconf 85' lang='lat' dir='ltr'>aliis</span> <span class='ocrx_word' id='word_1_216' title='bbox 622 1651 782 1690; x_wconf 88' lang='lat' dir='ltr'>admirari,</span> <span class='ocrx_word' id='word_1_217' title='bbox 816 1657 854 1681; x_wconf 91' lang='lat' dir='ltr'>ut</span> <span class='ocrx_word' id='word_1_218' title='bbox 885 1657 920 1682; x_wconf 94' lang='lat' dir='ltr'>tu</span> 
     </span>
     <span class='ocr_line' id='line_1_39' title="bbox 81 1692 876 1734; baseline 0.003 -11"><span class='ocrx_word' id='word_1_219' title='bbox 81 1692 172 1734; x_wconf 76' lang='lat' dir='ltr'>facis,</span> <span class='ocrx_word' id='word_1_220' title='bbox 198 1696 337 1733; x_wconf 80' lang='lat' dir='ltr'>&amp;jubes</span> <span class='ocrx_word' id='word_1_221' title='bbox 353 1706 405 1726; x_wconf 88' lang='lat' dir='ltr'>me</span> <span class='ocrx_word' id='word_1_222' title='bbox 429 1701 537 1726; x_wconf 88' lang='lat' dir='ltr'>tecum</span> <span class='ocrx_word' id='word_1_223' title='bbox 556 1695 668 1731; x_wconf 89' lang='lat' dir='ltr'>facere,</span> <span class='ocrx_word' id='word_1_224' title='bbox 692 1694 711 1723; x_wconf 87' lang='grc' dir='ltr'><strong>ὂ</strong></span> <span class='ocrx_word' id='word_1_225' title='bbox 729 1695 876 1725; x_wconf 89' lang='lat' dir='ltr'>monitor.</span> 
     </span>
    </p>

    <p class='ocr_par' dir='ltr' id='par_1_18' title="bbox 125 1736 919 1777">
     <span class='ocr_line' id='line_1_40' title="bbox 125 1736 919 1777; baseline 0.003 -10"><span class='ocrx_word' id='word_1_226' title='bbox 125 1736 210 1768; x_wconf 73' lang='lat' dir='ltr'>Bene</span> <span class='ocrx_word' id='word_1_227' title='bbox 227 1740 309 1769; x_wconf 73' lang='lat' dir='ltr'>mira·</span> <span class='ocrx_word' id='word_1_228' title='bbox 322 1739 408 1769; x_wconf 79' lang='lat' dir='ltr'>eritis</span> <span class='ocrx_word' id='word_1_229' title='bbox 420 1738 480 1777; x_wconf 76' lang='lat' dir='ltr'>res]</span> <span class='ocrx_word' id='word_1_230' title='bbox 499 1737 641 1768; x_wconf 85' lang='lat' dir='ltr'>Ridicula</span> <span class='ocrx_word' id='word_1_231' title='bbox 657 1737 762 1767; x_wconf 73' lang='lat' dir='ltr'>versus</span> <span class='ocrx_word' id='word_1_232' title='bbox 777 1738 919 1769; x_wconf 78' lang='lat' dir='ltr'>clausula</span> 
     </span>
    </p>
   </div>
   <div class='ocr_carea' id='block_1_13' title="bbox 55 1780 918 3075">
    <p class='ocr_par' dir='ltr' id='par_1_19' title="bbox 78 1780 918 2116">
     <span class='ocr_line' id='line_1_41' title="bbox 81 1780 917 1813; baseline 0.002 -4"><span class='ocrx_word' id='word_1_233' title='bbox 81 1780 252 1813; x_wconf 86' lang='lat' dir='ltr'>ridiculum</span> <span class='ocrx_word' id='word_1_234' title='bbox 279 1782 496 1813; x_wconf 81' lang='lat' dir='ltr'>adulatoribus</span> <span class='ocrx_word' id='word_1_235' title='bbox 512 1780 735 1811; x_wconf 88' lang='lat' dir='ltr'>consentiendi</span> <span class='ocrx_word' id='word_1_236' title='bbox 748 1781 917 1812; x_wconf 89' lang='lat' dir='ltr'>consilium</span> 
     </span>
     <span class='ocr_line' id='line_1_42' title="bbox 79 1823 918 1865; baseline 0.004 -13"><span class='ocrx_word' id='word_1_237' title='bbox 79 1826 204 1864; x_wconf 77' lang='lat' dir='ltr'>egregie</span> <span class='ocrx_word' id='word_1_238' title='bbox 234 1826 399 1865; x_wconf 81' lang='lat' dir='ltr'>exprimit.</span> <span class='ocrx_word' id='word_1_239' title='bbox 445 1824 551 1855; x_wconf 81' lang='lat' dir='ltr'>Juxta</span> <span class='ocrx_word' id='word_1_240' title='bbox 580 1823 663 1855; x_wconf 84' lang='lat' dir='ltr'>illud</span> <span class='ocrx_word' id='word_1_241' title='bbox 689 1823 813 1854; x_wconf 87' lang='lat' dir='ltr'>Horatii</span> <span class='ocrx_word' id='word_1_242' title='bbox 837 1834 918 1864; x_wconf 70' lang='lat' dir='ltr'>prae-</span> 
     </span>
     <span class='ocr_line' id='line_1_43' title="bbox 78 1868 483 1907; baseline 0 -11"><span class='ocrx_word' id='word_1_243' title='bbox 78 1874 211 1907; x_wconf 88' lang='lat' dir='ltr'>ceptum</span> <span class='ocrx_word' id='word_1_244' title='bbox 228 1869 294 1899; x_wconf 87' lang='lat' dir='ltr'>Sat.</span> <span class='ocrx_word' id='word_1_245' title='bbox 314 1871 363 1899; x_wconf 83' lang='lat'>10.</span> <span class='ocrx_word' id='word_1_246' title='bbox 382 1868 437 1898; x_wconf 88' lang='lat' dir='ltr'>lib.</span> <span class='ocrx_word' id='word_1_247' title='bbox 455 1869 483 1897; x_wconf 92' lang='lat'>1.</span> 
     </span>
     <span class='ocr_line' id='line_1_44' title="bbox 148 1910 913 1951; baseline 0 -10"><span class='ocrx_word' id='word_1_248' title='bbox 148 1910 196 1940; x_wconf 84' lang='lat' dir='ltr'>Et</span> <span class='ocrx_word' id='word_1_249' title='bbox 205 1922 337 1941; x_wconf 81' lang='lat' dir='ltr'>sermone</span> <span class='ocrx_word' id='word_1_250' title='bbox 348 1922 421 1951; x_wconf 74' lang='lat' dir='ltr'>opus</span> <span class='ocrx_word' id='word_1_251' title='bbox 433 1915 479 1940; x_wconf 75' lang='lat' dir='ltr'>est</span> <span class='ocrx_word' id='word_1_252' title='bbox 492 1911 577 1940; x_wconf 67' lang='lat' dir='ltr'>mod&amp;</span> <span class='ocrx_word' id='word_1_253' title='bbox 593 1911 689 1948; x_wconf 78' lang='lat' dir='ltr'>tristi,</span> <span class='ocrx_word' id='word_1_254' title='bbox 701 1910 778 1949; x_wconf 67' lang='lat' dir='ltr'>soepf}</span> <span class='ocrx_word' id='word_1_255' title='bbox 783 1911 890 1949; x_wconf 79' lang='lat' dir='ltr'>jocoso</span> <span class='ocrx_word' id='word_1_256' title='bbox 903 1924 913 1941; x_wconf 94' lang='grc'>.·</span> 
     </span>
     <span class='ocr_line' id='line_1_45' title="bbox 147 1952 910 1995; baseline -0.005 -11"><span class='ocrx_word' id='word_1_257' title='bbox 147 1954 343 1995; x_wconf 65' lang='lat' dir='ltr'>Defiendente</span> <span class='ocrx_word' id='word_1_258' title='bbox 358 1955 451 1985; x_wconf 80' lang='lat' dir='ltr'>vicem</span> <span class='ocrx_word' id='word_1_259' title='bbox 467 1955 551 1984; x_wconf 58' lang='lat' dir='ltr'><em>mod&amp;</em></span> <span class='ocrx_word' id='word_1_260' title='bbox 566 1952 716 1992; x_wconf 59' lang='lat' dir='ltr'>Rhamis,</span> <span class='ocrx_word' id='word_1_261' title='bbox 740 1958 832 1994; x_wconf 83' lang='lat' dir='ltr'>atque</span> <span class='ocrx_word' id='word_1_262' title='bbox 846 1956 910 1986; x_wconf 85' lang='lat' dir='ltr'>Po-</span> 
     </span>
     <span class='ocr_line' id='line_1_46' title="bbox 206 2000 278 2035; baseline 0.014 -8"><span class='ocrx_word' id='word_1_263' title='bbox 206 2000 278 2035; x_wconf 73' lang='grc' dir='ltr'>ἓίιι,</span> 
     </span>
     <span class='ocr_line' id='line_1_47' title="bbox 148 2040 853 2084; baseline -0.003 -11"><span class='ocrx_word' id='word_1_264' title='bbox 148 2041 308 2073; x_wconf 77' lang='lat' dir='ltr'>Interdum</span> <span class='ocrx_word' id='word_1_265' title='bbox 325 2042 433 2072; x_wconf 83' lang='lat' dir='ltr'>urbani</span> <span class='ocrx_word' id='word_1_266' title='bbox 442 2041 602 2080; x_wconf 79' lang='lat' dir='ltr'>parcentis</span> <span class='ocrx_word' id='word_1_267' title='bbox 616 2040 739 2079; x_wconf 75' lang='lat' dir='ltr'>viribus,</span> <span class='ocrx_word' id='word_1_268' title='bbox 761 2044 853 2084; x_wconf 78' lang='lat' dir='ltr'>atque</span> 
     </span>
     <span class='ocr_line' id='line_1_48' title="bbox 146 2084 584 2116; baseline 0 -2"><span class='ocrx_word' id='word_1_269' title='bbox 146 2085 357 2116; x_wconf 72' lang='lat' dir='ltr'>Extenuantz&#39;s</span> <span class='ocrx_word' id='word_1_270' title='bbox 370 2095 421 2115; x_wconf 84' lang='lat' dir='ltr'>eas</span> <span class='ocrx_word' id='word_1_271' title='bbox 435 2084 584 2114; x_wconf 69' lang='lat' dir='ltr'>consulto.</span> 
     </span>
    </p>

    <p class='ocr_par' dir='ltr' id='par_1_20' title="bbox 71 2128 907 2210">
     <span class='ocr_line' id='line_1_49' title="bbox 119 2128 907 2168; baseline 0.003 -10"><span class='ocrx_word' id='word_1_272' title='bbox 119 2130 192 2158; x_wconf 82' lang='lat'>112.</span> <span class='ocrx_word' id='word_1_273' title='bbox 216 2129 285 2159; x_wconf 84' lang='lat' dir='ltr'>Hoc</span> <span class='ocrx_word' id='word_1_274' title='bbox 288 2128 399 2168; x_wconf 76' lang='lat' dir='ltr'>juvat]</span> <span class='ocrx_word' id='word_1_275' title='bbox 423 2128 530 2158; x_wconf 84' lang='lat' dir='ltr'>Placet</span> <span class='ocrx_word' id='word_1_276' title='bbox 548 2128 606 2158; x_wconf 87' lang='lat' dir='ltr'>tibi</span> <span class='ocrx_word' id='word_1_277' title='bbox 622 2136 735 2158; x_wconf 84' lang='lat' dir='ltr'>meum</span> <span class='ocrx_word' id='word_1_278' title='bbox 751 2128 813 2159; x_wconf 89' lang='lat' dir='ltr'>hoc</span> <span class='ocrx_word' id='word_1_279' title='bbox 836 2139 907 2168; x_wconf 88' lang='lat' dir='ltr'>pro-</span> 
     </span>
     <span class='ocr_line' id='line_1_50' title="bbox 71 2171 614 2210; baseline 0 -10"><span class='ocrx_word' id='word_1_280' title='bbox 71 2173 228 2210; x_wconf 86' lang='lat' dir='ltr'>positum,</span> <span class='ocrx_word' id='word_1_281' title='bbox 253 2173 273 2202; x_wconf 87' lang='grc' dir='ltr'><strong>ὂ</strong></span> <span class='ocrx_word' id='word_1_282' title='bbox 291 2172 441 2208; x_wconf 90' lang='lat' dir='ltr'>monitor,</span> <span class='ocrx_word' id='word_1_283' title='bbox 463 2171 544 2201; x_wconf 75' lang='lat' dir='ltr'>bene</span> <span class='ocrx_word' id='word_1_284' title='bbox 559 2177 614 2201; x_wconf 86' lang='lat' dir='ltr'>est.</span> 
     </span>
    </p>

    <p class='ocr_par' dir='ltr' id='par_1_21' title="bbox 64 2213 908 2598">
     <span class='ocr_line' id='line_1_51' title="bbox 115 2213 908 2254; baseline 0.004 -10"><span class='ocrx_word' id='word_1_285' title='bbox 115 2213 190 2254; x_wconf 72' lang='lat' dir='ltr'>Hic,</span> <span class='ocrx_word' id='word_1_286' title='bbox 206 2215 321 2254; x_wconf 77' lang='lat' dir='ltr'>inquis,</span> <span class='ocrx_word' id='word_1_287' title='bbox 338 2214 404 2253; x_wconf 57' lang='grc' dir='ltr'>ξε]</span> <span class='ocrx_word' id='word_1_288' title='bbox 429 2214 509 2244; x_wconf 81' lang='lat' dir='ltr'>Haec</span> <span class='ocrx_word' id='word_1_289' title='bbox 533 2214 584 2243; x_wconf 80' lang='lat' dir='ltr'>vel</span> <span class='ocrx_word' id='word_1_290' title='bbox 611 2221 667 2244; x_wconf 91' lang='lat' dir='ltr'>tua</span> <span class='ocrx_word' id='word_1_291' title='bbox 693 2215 744 2244; x_wconf 78' lang='lat' dir='ltr'>vel</span> <span class='ocrx_word' id='word_1_292' title='bbox 770 2214 908 2247; x_wconf 87' lang='lat' dir='ltr'>Neronis</span> 
     </span>
     <span class='ocr_line' id='line_1_52' title="bbox 70 2257 906 2298; baseline 0.004 -13"><span class='ocrx_word' id='word_1_293' title='bbox 70 2259 213 2289; x_wconf 88' lang='lat' dir='ltr'>carmina</span> <span class='ocrx_word' id='word_1_294' title='bbox 237 2258 359 2288; x_wconf 66' lang='lat' dir='ltr'>satirica</span> <span class='ocrx_word' id='word_1_295' title='bbox 376 2258 518 2287; x_wconf 87' lang='lat' dir='ltr'>libertate</span> <span class='ocrx_word' id='word_1_296' title='bbox 542 2257 650 2287; x_wconf 80' lang='lat' dir='ltr'>violari</span> <span class='ocrx_word' id='word_1_297' title='bbox 667 2258 840 2298; x_wconf 84' lang='lat' dir='ltr'>prohibes;</span> <span class='ocrx_word' id='word_1_298' title='bbox 866 2260 906 2290; x_wconf 90' lang='lat' dir='ltr'>ab</span> 
     </span>
     <span class='ocr_line' id='line_1_53' title="bbox 69 2298 903 2340; baseline 0.005 -12"><span class='ocrx_word' id='word_1_299' title='bbox 69 2298 119 2329; x_wconf 89' lang='lat' dir='ltr'>his</span> <span class='ocrx_word' id='word_1_300' title='bbox 135 2300 364 2332; x_wconf 88' lang='lat' dir='ltr'>abstinendum</span> <span class='ocrx_word' id='word_1_301' title='bbox 380 2300 500 2340; x_wconf 88' lang='lat' dir='ltr'>inquis,</span> <span class='ocrx_word' id='word_1_302' title='bbox 526 2305 563 2328; x_wconf 90' lang='lat' dir='ltr'>ut</span> <span class='ocrx_word' id='word_1_303' title='bbox 590 2300 607 2328; x_wconf 74' lang='lat' dir='ltr'>a</span> <span class='ocrx_word' id='word_1_304' title='bbox 630 2309 716 2330; x_wconf 88' lang='lat' dir='ltr'>sacro</span> <span class='ocrx_word' id='word_1_305' title='bbox 733 2301 803 2330; x_wconf 89' lang='lat' dir='ltr'>loco</span> <span class='ocrx_word' id='word_1_306' title='bbox 826 2311 903 2334; x_wconf 85' lang='lat' dir='ltr'>con-</span> 
     </span>
     <span class='ocr_line' id='line_1_54' title="bbox 66 2343 900 2385; baseline 0.004 -14"><span class='ocrx_word' id='word_1_307' title='bbox 66 2345 267 2382; x_wconf 89' lang='lat' dir='ltr'>spurcando:</span> <span class='ocrx_word' id='word_1_308' title='bbox 294 2354 369 2385; x_wconf 85' lang='lat' dir='ltr'>ergo</span> <span class='ocrx_word' id='word_1_309' title='bbox 393 2349 430 2373; x_wconf 90' lang='lat' dir='ltr'>ut</span> <span class='ocrx_word' id='word_1_310' title='bbox 456 2343 629 2373; x_wconf 79' lang='lat' dir='ltr'>sanctitatis</span> <span class='ocrx_word' id='word_1_311' title='bbox 651 2352 764 2374; x_wconf 88' lang='lat' dir='ltr'>eorum</span> <span class='ocrx_word' id='word_1_312' title='bbox 791 2345 900 2377; x_wconf 88' lang='lat' dir='ltr'>admo-</span> 
     </span>
     <span class='ocr_line' id='line_1_55' title="bbox 67 2386 901 2429; baseline 0.004 -14"><span class='ocrx_word' id='word_1_313' title='bbox 67 2394 156 2425; x_wconf 87' lang='lat' dir='ltr'>near,</span> <span class='ocrx_word' id='word_1_314' title='bbox 180 2397 221 2418; x_wconf 90' lang='lat' dir='ltr'>ne</span> <span class='ocrx_word' id='word_1_315' title='bbox 235 2397 272 2418; x_wconf 87' lang='lat' dir='ltr'>ea</span> <span class='ocrx_word' id='word_1_316' title='bbox 287 2397 416 2427; x_wconf 85' lang='lat' dir='ltr'>carpere</span> <span class='ocrx_word' id='word_1_317' title='bbox 433 2387 515 2416; x_wconf 88' lang='lat' dir='ltr'>mihi</span> <span class='ocrx_word' id='word_1_318' title='bbox 538 2386 618 2416; x_wconf 78' lang='lat' dir='ltr'>forte</span> <span class='ocrx_word' id='word_1_319' title='bbox 640 2387 820 2427; x_wconf 85' lang='lat' dir='ltr'>contingat,</span> <span class='ocrx_word' id='word_1_320' title='bbox 843 2399 901 2429; x_wconf 90' lang='lat' dir='ltr'>ap-</span> 
     </span>
     <span class='ocr_line' id='line_1_56' title="bbox 66 2428 900 2471; baseline 0.005 -12"><span class='ocrx_word' id='word_1_321' title='bbox 66 2437 154 2467; x_wconf 84' lang='lat' dir='ltr'>pone</span> <span class='ocrx_word' id='word_1_322' title='bbox 179 2437 270 2461; x_wconf 85' lang='lat' dir='ltr'>notas</span> <span class='ocrx_word' id='word_1_323' title='bbox 297 2432 430 2471; x_wconf 86' lang='lat' dir='ltr'>aliquas,</span> <span class='ocrx_word' id='word_1_324' title='bbox 454 2428 728 2469; x_wconf 76' lang='lat' dir='ltr'>quemadmodum</span> <span class='ocrx_word' id='word_1_325' title='bbox 763 2431 797 2460; x_wconf 91' lang='lat' dir='ltr'>in</span> <span class='ocrx_word' id='word_1_326' title='bbox 823 2431 900 2463; x_wconf 90' lang='lat' dir='ltr'>locis</span> 
     </span>
     <span class='ocr_line' id='line_1_57' title="bbox 65 2473 899 2514; baseline 0.006 -13"><span class='ocrx_word' id='word_1_327' title='bbox 65 2473 157 2502; x_wconf 81' lang='lat' dir='ltr'>sacris</span> <span class='ocrx_word' id='word_1_328' title='bbox 169 2475 302 2514; x_wconf 85' lang='lat' dir='ltr'>appingi</span> <span class='ocrx_word' id='word_1_329' title='bbox 316 2475 420 2504; x_wconf 85' lang='lat' dir='ltr'>solent</span> <span class='ocrx_word' id='word_1_330' title='bbox 433 2473 585 2502; x_wconf 82' lang='lat' dir='ltr'>dracones</span> <span class='ocrx_word' id='word_1_331' title='bbox 601 2473 629 2502; x_wconf 59' lang='grc' dir='ltr'>ὃς</span> <span class='ocrx_word' id='word_1_332' title='bbox 643 2479 818 2512; x_wconf 84' lang='lat' dir='ltr'>serpentes,</span> <span class='ocrx_word' id='word_1_333' title='bbox 834 2475 899 2506; x_wconf 79' lang='lat' dir='ltr'>sive</span> 
     </span>
     <span class='ocr_line' id='line_1_58' title="bbox 65 2515 898 2557; baseline 0.006 -13"><span class='ocrx_word' id='word_1_334' title='bbox 65 2520 103 2544; x_wconf 87' lang='lat' dir='ltr'>ut</span> <span class='ocrx_word' id='word_1_335' title='bbox 118 2515 240 2548; x_wconf 80' lang='lat' dir='ltr'>Genios</span> <span class='ocrx_word' id='word_1_336' title='bbox 260 2527 361 2547; x_wconf 83' lang='lat' dir='ltr'>sacros</span> <span class='ocrx_word' id='word_1_337' title='bbox 374 2527 410 2546; x_wconf 90' lang='lat' dir='ltr'>ac</span> <span class='ocrx_word' id='word_1_338' title='bbox 427 2516 514 2546; x_wconf 73' lang='lat' dir='ltr'>Deos</span> <span class='ocrx_word' id='word_1_339' title='bbox 526 2515 555 2545; x_wconf 88' lang='lat' dir='ltr'>T</span> <span class='ocrx_word' id='word_1_340' title='bbox 561 2516 696 2545; x_wconf 84' lang='lat' dir='ltr'>utelares</span> <span class='ocrx_word' id='word_1_341' title='bbox 711 2517 898 2557; x_wconf 80' lang='lat' dir='ltr'>exhibeant,</span> 
     </span>
     <span class='ocr_line' id='line_1_59' title="bbox 64 2557 839 2598; baseline 0.004 -11"><span class='ocrx_word' id='word_1_342' title='bbox 64 2557 130 2588; x_wconf 82' lang='lat' dir='ltr'>sive</span> <span class='ocrx_word' id='word_1_343' title='bbox 147 2565 185 2589; x_wconf 86' lang='lat' dir='ltr'>ut</span> <span class='ocrx_word' id='word_1_344' title='bbox 201 2561 344 2590; x_wconf 87' lang='lat' dir='ltr'>terribilis</span> <span class='ocrx_word' id='word_1_345' title='bbox 360 2561 414 2590; x_wconf 88' lang='lat' dir='ltr'>illa</span> <span class='ocrx_word' id='word_1_346' title='bbox 426 2559 546 2598; x_wconf 86' lang='lat' dir='ltr'>species</span> <span class='ocrx_word' id='word_1_347' title='bbox 561 2565 664 2588; x_wconf 88' lang='lat' dir='ltr'>arceat</span> <span class='ocrx_word' id='word_1_348' title='bbox 682 2559 839 2597; x_wconf 81' lang='lat' dir='ltr'>profanos.</span> 
     </span>
    </p>

    <p class='ocr_par' dir='ltr' id='par_1_22' title="bbox 55 2601 898 3075">
     <span class='ocr_line' id='line_1_60' title="bbox 110 2601 898 2644; baseline 0.005 -13"><span class='ocrx_word' id='word_1_349' title='bbox 110 2602 183 2632; x_wconf 67' lang='lat'>113.</span> <span class='ocrx_word' id='word_1_350' title='bbox 205 2601 306 2644; x_wconf 76' lang='lat' dir='ltr'>Pinge</span> <span class='ocrx_word' id='word_1_351' title='bbox 316 2604 390 2633; x_wconf 84' lang='lat' dir='ltr'>duos</span> <span class='ocrx_word' id='word_1_352' title='bbox 401 2602 531 2644; x_wconf 73' lang='lat' dir='ltr'>angues]</span> <span class='ocrx_word' id='word_1_353' title='bbox 569 2601 666 2634; x_wconf 78' lang='lat' dir='ltr'>Quod</span> <span class='ocrx_word' id='word_1_354' title='bbox 688 2603 814 2641; x_wconf 83' lang='lat' dir='ltr'>antiqui</span> <span class='ocrx_word' id='word_1_355' title='bbox 838 2605 898 2636; x_wconf 88' lang='lat' dir='ltr'>sub</span> 
     </span>
     <span class='ocr_line' id='line_1_61' title="bbox 62 2643 896 2685; baseline 0.008 -14"><span class='ocrx_word' id='word_1_356' title='bbox 62 2644 170 2681; x_wconf 90' lang='lat' dir='ltr'>specie</span> <span class='ocrx_word' id='word_1_357' title='bbox 184 2643 361 2677; x_wconf 84' lang='lat' dir='ltr'>draconum</span> <span class='ocrx_word' id='word_1_358' title='bbox 377 2649 404 2676; x_wconf 66' lang='grc' dir='ltr'>ὅ(</span> <span class='ocrx_word' id='word_1_359' title='bbox 423 2652 610 2685; x_wconf 84' lang='lat' dir='ltr'>serpentum</span> <span class='ocrx_word' id='word_1_360' title='bbox 633 2644 792 2675; x_wconf 89' lang='lat' dir='ltr'>coluerint</span> <span class='ocrx_word' id='word_1_361' title='bbox 808 2646 896 2678; x_wconf 91' lang='lat' dir='ltr'>Deos</span> 
     </span>
     <span class='ocr_line' id='line_1_62' title="bbox 63 2686 894 2722; baseline 0.006 -7"><span class='ocrx_word' id='word_1_362' title='bbox 63 2686 92 2715; x_wconf 73' lang='grc' dir='ltr'><strong><em>ἅ</em></strong></span> <span class='ocrx_word' id='word_1_363' title='bbox 108 2687 252 2718; x_wconf 88' lang='lat' dir='ltr'>locorum</span> <span class='ocrx_word' id='word_1_364' title='bbox 269 2689 390 2720; x_wconf 76' lang='lat' dir='ltr'>Genios</span> <span class='ocrx_word' id='word_1_365' title='bbox 404 2695 527 2719; x_wconf 88' lang='lat' dir='ltr'>constat</span> <span class='ocrx_word' id='word_1_366' title='bbox 551 2698 592 2717; x_wconf 86' lang='lat' dir='ltr'>ex</span> <span class='ocrx_word' id='word_1_367' title='bbox 611 2687 775 2717; x_wconf 77' lang='lat' dir='ltr'>Herodoto</span> <span class='ocrx_word' id='word_1_368' title='bbox 791 2690 846 2720; x_wconf 89' lang='lat' dir='ltr'>lib.</span> <span class='ocrx_word' id='word_1_369' title='bbox 863 2692 894 2722; x_wconf 85' lang='lat'>8.</span> 
     </span>
     <span class='ocr_line' id='line_1_63' title="bbox 62 2729 892 2770; baseline 0.007 -12"><span class='ocrx_word' id='word_1_370' title='bbox 62 2729 118 2759; x_wconf 86' lang='lat' dir='ltr'>ubi</span> <span class='ocrx_word' id='word_1_371' title='bbox 131 2729 173 2759; x_wconf 84' lang='lat' dir='ltr'>de</span> <span class='ocrx_word' id='word_1_372' title='bbox 187 2739 294 2770; x_wconf 86' lang='lat' dir='ltr'>angue</span> <span class='ocrx_word' id='word_1_373' title='bbox 311 2733 399 2763; x_wconf 85' lang='lat' dir='ltr'>Arcis</span> <span class='ocrx_word' id='word_1_374' title='bbox 416 2734 620 2762; x_wconf 79' lang='lat' dir='ltr'>Athenarum</span> <span class='ocrx_word' id='word_1_375' title='bbox 637 2732 781 2770; x_wconf 83' lang='lat' dir='ltr'>custode,</span> <span class='ocrx_word' id='word_1_376' title='bbox 806 2732 892 2764; x_wconf 90' lang='lat' dir='ltr'>Deo-</span> 
     </span>
     <span class='ocr_line' id='line_1_64' title="bbox 61 2772 890 2810; baseline 0.004 -9"><span class='ocrx_word' id='word_1_377' title='bbox 61 2781 128 2810; x_wconf 90' lang='lat' dir='ltr'>que</span> <span class='ocrx_word' id='word_1_378' title='bbox 159 2772 303 2804; x_wconf 86' lang='lat' dir='ltr'>Tutelari</span> <span class='ocrx_word' id='word_1_379' title='bbox 330 2776 425 2805; x_wconf 79' lang='lat' dir='ltr'>verba</span> <span class='ocrx_word' id='word_1_380' title='bbox 453 2774 539 2805; x_wconf 88' lang='lat' dir='ltr'>facit.</span> <span class='ocrx_word' id='word_1_381' title='bbox 596 2773 679 2803; x_wconf 85' lang='lat' dir='ltr'>Item</span> <span class='ocrx_word' id='word_1_382' title='bbox 709 2774 763 2804; x_wconf 88' lang='lat' dir='ltr'>lib.</span> <span class='ocrx_word' id='word_1_383' title='bbox 781 2777 812 2806; x_wconf 76' lang='lat'>2.</span> <span class='ocrx_word' id='word_1_384' title='bbox 845 2779 890 2808; x_wconf 79' lang='lat' dir='ltr'>ait</span> 
     </span>
     <span class='ocr_line' id='line_1_65' title="bbox 60 2815 890 2856; baseline 0.008 -12"><span class='ocrx_word' id='word_1_385' title='bbox 60 2815 141 2845; x_wconf 85' lang='lat' dir='ltr'>circa</span> <span class='ocrx_word' id='word_1_386' title='bbox 156 2815 285 2846; x_wconf 85' lang='lat' dir='ltr'>Thebas</span> <span class='ocrx_word' id='word_1_387' title='bbox 301 2826 400 2848; x_wconf 82' lang='lat' dir='ltr'>sacros</span> <span class='ocrx_word' id='word_1_388' title='bbox 415 2827 482 2848; x_wconf 79' lang='lat' dir='ltr'>esse</span> <span class='ocrx_word' id='word_1_389' title='bbox 503 2823 676 2856; x_wconf 85' lang='lat' dir='ltr'>serpentes,</span> <span class='ocrx_word' id='word_1_390' title='bbox 700 2819 756 2856; x_wconf 89' lang='lat' dir='ltr'>qui</span> <span class='ocrx_word' id='word_1_391' title='bbox 771 2823 890 2851; x_wconf 86' lang='lat' dir='ltr'>mortui</span> 
     </span>
     <span class='ocr_line' id='line_1_66' title="bbox 59 2857 890 2898; baseline 0.008 -12"><span class='ocrx_word' id='word_1_392' title='bbox 59 2857 92 2887; x_wconf 87' lang='lat' dir='ltr'>in</span> <span class='ocrx_word' id='word_1_393' title='bbox 108 2858 199 2888; x_wconf 84' lang='lat' dir='ltr'>Jovis</span> <span class='ocrx_word' id='word_1_394' title='bbox 215 2860 282 2889; x_wconf 77' lang='lat' dir='ltr'>aede</span> <span class='ocrx_word' id='word_1_395' title='bbox 297 2861 501 2898; x_wconf 81' lang='lat' dir='ltr'>sepeliantur.</span> <span class='ocrx_word' id='word_1_396' title='bbox 547 2859 632 2890; x_wconf 88' lang='lat' dir='ltr'>Nota</span> <span class='ocrx_word' id='word_1_397' title='bbox 649 2860 743 2891; x_wconf 88' lang='lat' dir='ltr'>etiam</span> <span class='ocrx_word' id='word_1_398' title='bbox 767 2869 814 2892; x_wconf 87' lang='lat' dir='ltr'>est</span> <span class='ocrx_word' id='word_1_399' title='bbox 828 2863 890 2893; x_wconf 87' lang='lat' dir='ltr'>his-</span> 
     </span>
     <span class='ocr_line' id='line_1_67' title="bbox 58 2900 889 2945; baseline 0.006 -15"><span class='ocrx_word' id='word_1_400' title='bbox 58 2900 138 2930; x_wconf 87' lang='lat' dir='ltr'>toria</span> <span class='ocrx_word' id='word_1_401' title='bbox 160 2902 200 2931; x_wconf 89' lang='lat' dir='ltr'>de</span> <span class='ocrx_word' id='word_1_402' title='bbox 225 2909 372 2942; x_wconf 86' lang='lat' dir='ltr'>serpente</span> <span class='ocrx_word' id='word_1_403' title='bbox 388 2904 562 2943; x_wconf 82' lang='lat' dir='ltr'>Epidaurio</span> <span class='ocrx_word' id='word_1_404' title='bbox 586 2902 720 2934; x_wconf 84' lang='lat' dir='ltr'>devecto</span> <span class='ocrx_word' id='word_1_405' title='bbox 736 2905 889 2945; x_wconf 85' lang='lat' dir='ltr'>Romam,</span> 
     </span>
     <span class='ocr_line' id='line_1_68' title="bbox 57 2944 889 2987; baseline 0.006 -14"><span class='ocrx_word' id='word_1_406' title='bbox 57 2944 88 2973; x_wconf 71' lang='grc' dir='ltr'>ἀ</span> <span class='ocrx_word' id='word_1_407' title='bbox 103 2945 266 2975; x_wconf 75' lang='lat' dir='ltr'>exstructa</span> <span class='ocrx_word' id='word_1_408' title='bbox 283 2946 349 2975; x_wconf 81' lang='lat' dir='ltr'>aede</span> <span class='ocrx_word' id='word_1_409' title='bbox 365 2947 453 2976; x_wconf 87' lang='lat' dir='ltr'>culto</span> <span class='ocrx_word' id='word_1_410' title='bbox 467 2948 531 2977; x_wconf 85' lang='lat' dir='ltr'>illie</span> <span class='ocrx_word' id='word_1_411' title='bbox 551 2956 608 2987; x_wconf 87' lang='lat' dir='ltr'>pro</span> <span class='ocrx_word' id='word_1_412' title='bbox 626 2944 822 2987; x_wconf 82' lang='lat' dir='ltr'>AEsculapio‚</span> <span class='ocrx_word' id='word_1_413' title='bbox 849 2949 889 2978; x_wconf 85' lang='lat' dir='ltr'>de</span> 
     </span>
     <span class='ocr_line' id='line_1_69' title="bbox 57 2987 888 3027; baseline 0.007 -11"><span class='ocrx_word' id='word_1_414' title='bbox 57 2995 123 3025; x_wconf 85' lang='lat' dir='ltr'>quo</span> <span class='ocrx_word' id='word_1_415' title='bbox 149 2987 220 3027; x_wconf 81' lang='lat' dir='ltr'>lege</span> <span class='ocrx_word' id='word_1_416' title='bbox 244 2988 310 3019; x_wconf 81' lang='lat' dir='ltr'>Tit.</span> <span class='ocrx_word' id='word_1_417' title='bbox 335 2989 405 3019; x_wconf 77' lang='lat' dir='ltr'>Liv.</span> <span class='ocrx_word' id='word_1_418' title='bbox 428 2989 480 3020; x_wconf 88' lang='lat' dir='ltr'>lib.</span> <span class='ocrx_word' id='word_1_419' title='bbox 503 2992 553 3020; x_wconf 91' lang='lat'>10.</span> <span class='ocrx_word' id='word_1_420' title='bbox 598 2989 732 3022; x_wconf 82' lang='lat' dir='ltr'>Florum</span> <span class='ocrx_word' id='word_1_421' title='bbox 755 2991 809 3020; x_wconf 87' lang='lat' dir='ltr'>lib.</span> <span class='ocrx_word' id='word_1_422' title='bbox 838 2994 888 3022; x_wconf 86' lang='grc'>11.</span> 
     </span>
     <span class='ocr_line' id='line_1_70' title="bbox 55 3027 888 3075; baseline 0.007 -16"><span class='ocrx_word' id='word_1_423' title='bbox 55 3027 246 3062; x_wconf 78' lang='lat' dir='ltr'>Pausaniam</span> <span class='ocrx_word' id='word_1_424' title='bbox 273 3031 305 3062; x_wconf 86' lang='lat' dir='ltr'>in</span> <span class='ocrx_word' id='word_1_425' title='bbox 320 3031 551 3064; x_wconf 81' lang='lat' dir='ltr'>Corinthiacis:</span> <span class='ocrx_word' id='word_1_426' title='bbox 578 3034 606 3063; x_wconf 70' lang='grc' dir='ltr'>δι</span> <span class='ocrx_word' id='word_1_427' title='bbox 622 3034 708 3065; x_wconf 86' lang='lat' dir='ltr'>alios.</span> <span class='ocrx_word' id='word_1_428' title='bbox 756 3034 888 3075; x_wconf 80' lang='lat' dir='ltr'>Virgili-</span> 
     </span>
    </p>
   </div>
   <div class='ocr_carea' id='block_1_14' title="bbox 400 841 522 853">
    <p class='ocr_par' dir='ltr' id='par_1_23' title="bbox 400 841 522 853">
     <span class='ocr_line' id='line_1_71' title="bbox 400 841 522 853; baseline 0 0"><span class='ocrx_word' id='word_1_429' title='bbox 400 841 522 853; x_wconf 95' lang='lat' dir='ltr'> </span> 
     </span>
    </p>
   </div>
   <div class='ocr_carea' id='block_1_15' title="bbox 180 844 339 853">
    <p class='ocr_par' dir='ltr' id='par_1_24' title="bbox 180 844 339 853">
     <span class='ocr_line' id='line_1_72' title="bbox 180 844 339 853; baseline 0 2428"><span class='ocrx_word' id='word_1_430' title='bbox 180 844 339 853; x_wconf 95' lang='lat' dir='ltr'> </span> 
     </span>
    </p>
   </div>
   <div class='ocr_carea' id='block_1_16' title="bbox 989 699 1829 914">
    <p class='ocr_par' dir='ltr' id='par_1_25' title="bbox 989 699 1829 914">
     <span class='ocr_line' id='line_1_73' title="bbox 992 699 1829 746; baseline 0.013 -16"><span class='ocrx_word' id='word_1_431' title='bbox 992 710 1027 730; x_wconf 84' lang='lat' dir='ltr'>us</span> <span class='ocrx_word' id='word_1_432' title='bbox 1044 706 1154 731; x_wconf 82' lang='lat' dir='ltr'>autem</span> <span class='ocrx_word' id='word_1_433' title='bbox 1172 699 1288 732; x_wconf 83' lang='lat' dir='ltr'>AEneid</span> <span class='ocrx_word' id='word_1_434' title='bbox 1304 705 1332 733; x_wconf 86' lang='lat'>5.</span> <span class='ocrx_word' id='word_1_435' title='bbox 1357 713 1420 734; x_wconf 84' lang='lat' dir='ltr'>ver.</span> <span class='ocrx_word' id='word_1_436' title='bbox 1438 704 1489 734; x_wconf 81' lang='lat'>82.</span> <span class='ocrx_word' id='word_1_437' title='bbox 1515 711 1685 746; x_wconf 82' lang='lat' dir='ltr'>postquam</span> <span class='ocrx_word' id='word_1_438' title='bbox 1700 717 1743 739; x_wconf 87' lang='lat' dir='ltr'>ex</span> <span class='ocrx_word' id='word_1_439' title='bbox 1760 710 1829 741; x_wconf 88' lang='lat' dir='ltr'>An·</span> 
     </span>
     <span class='ocr_line' id='line_1_74' title="bbox 989 743 1828 792; baseline 0.015 -20"><span class='ocrx_word' id='word_1_440' title='bbox 989 743 1084 773; x_wconf 79' lang='lat' dir='ltr'>chisae</span> <span class='ocrx_word' id='word_1_441' title='bbox 1105 746 1233 776; x_wconf 90' lang='lat' dir='ltr'>tumulo</span> <span class='ocrx_word' id='word_1_442' title='bbox 1249 755 1390 786; x_wconf 83' lang='lat' dir='ltr'>anguem</span> <span class='ocrx_word' id='word_1_443' title='bbox 1418 749 1532 778; x_wconf 84' lang='lat' dir='ltr'>exiisse</span> <span class='ocrx_word' id='word_1_444' title='bbox 1550 751 1671 790; x_wconf 78' lang='lat' dir='ltr'>retulit,</span> <span class='ocrx_word' id='word_1_445' title='bbox 1693 753 1828 792; x_wconf 82' lang='lat' dir='ltr'>subjun-</span> 
     </span>
     <span class='ocr_line' id='line_1_75' title="bbox 989 787 1218 826; baseline 0.009 -10"><span class='ocrx_word' id='word_1_446' title='bbox 989 787 1034 826; x_wconf 87' lang='lat' dir='ltr'>git</span> <span class='ocrx_word' id='word_1_447' title='bbox 1050 787 1091 817; x_wconf 90' lang='lat' dir='ltr'>de</span> <span class='ocrx_word' id='word_1_448' title='bbox 1103 787 1218 818; x_wconf 84' lang='lat' dir='ltr'>AEnea.</span> 
     </span>
     <span class='ocr_line' id='line_1_76' title="bbox 1060 830 1807 878; baseline 0.016 -19"><span class='ocrx_word' id='word_1_449' title='bbox 1060 830 1202 861; x_wconf 83' lang='lat' dir='ltr'>Incertus</span> <span class='ocrx_word' id='word_1_450' title='bbox 1215 832 1383 863; x_wconf 77' lang='lat' dir='ltr'>Geniumne</span> <span class='ocrx_word' id='word_1_451' title='bbox 1398 835 1654 873; x_wconf 80' lang='lat' dir='ltr'>locifamulumne</span> <span class='ocrx_word' id='word_1_452' title='bbox 1664 841 1807 878; x_wconf 71' lang='lat' dir='ltr'>parentis</span> 
     </span>
     <span class='ocr_line' id='line_1_77' title="bbox 1060 873 1251 914; baseline 0.026 -12"><span class='ocrx_word' id='word_1_453' title='bbox 1060 873 1139 904; x_wconf 77' lang='lat' dir='ltr'>Esse</span> <span class='ocrx_word' id='word_1_454' title='bbox 1149 880 1251 914; x_wconf 80' lang='lat' dir='ltr'>putet.</span> 
     </span>
    </p>
   </div>
   <div class='ocr_carea' id='block_1_17' title="bbox 988 916 1799 1002">
    <p class='ocr_par' dir='ltr' id='par_1_26' title="bbox 988 916 1799 1002">
     <span class='ocr_line' id='line_1_78' title="bbox 988 916 1435 961; baseline 0.011 -15"><span class='ocrx_word' id='word_1_455' title='bbox 988 916 1169 957; x_wconf 84' lang='lat' dir='ltr'>Propertius</span> <span class='ocrx_word' id='word_1_456' title='bbox 1183 920 1238 949; x_wconf 85' lang='lat' dir='ltr'>lib.</span> <span class='ocrx_word' id='word_1_457' title='bbox 1253 923 1282 951; x_wconf 84' lang='lat'>4.</span> <span class='ocrx_word' id='word_1_458' title='bbox 1302 921 1393 961; x_wconf 83' lang='lat' dir='ltr'>Eleg.</span> <span class='ocrx_word' id='word_1_459' title='bbox 1406 921 1435 951; x_wconf 93' lang='lat'>8.</span> 
     </span>
     <span class='ocr_line' id='line_1_79' title="bbox 1060 960 1799 1002; baseline 0.015 -12"><span class='ocrx_word' id='word_1_460' title='bbox 1060 960 1232 991; x_wconf 70' lang='lat' dir='ltr'>Lanuvium</span> <span class='ocrx_word' id='word_1_461' title='bbox 1247 965 1354 994; x_wconf 76' lang='lat' dir='ltr'>annosi</span> <span class='ocrx_word' id='word_1_462' title='bbox 1368 969 1452 995; x_wconf 77' lang='lat' dir='ltr'>vetus</span> <span class='ocrx_word' id='word_1_463' title='bbox 1465 970 1510 995; x_wconf 79' lang='lat' dir='ltr'>est</span> <span class='ocrx_word' id='word_1_464' title='bbox 1524 967 1621 998; x_wconf 83' lang='lat' dir='ltr'>tutela</span> <span class='ocrx_word' id='word_1_465' title='bbox 1636 968 1799 1002; x_wconf 79' lang='lat' dir='ltr'>Draconis.</span> 
     </span>
    </p>
   </div>
   <div class='ocr_carea' id='block_1_18' title="bbox 930 1002 1819 3075">
    <p class='ocr_par' dir='ltr' id='par_1_27' title="bbox 942 1002 1819 2378">
     <span class='ocr_line' id='line_1_80' title="bbox 985 1002 1818 1047; baseline 0.013 -14"><span class='ocrx_word' id='word_1_466' title='bbox 985 1002 1074 1035; x_wconf 84' lang='lat' dir='ltr'>Hinc</span> <span class='ocrx_word' id='word_1_467' title='bbox 1091 1015 1164 1045; x_wconf 89' lang='lat' dir='ltr'>ergo</span> <span class='ocrx_word' id='word_1_468' title='bbox 1180 1014 1227 1036; x_wconf 81' lang='lat' dir='ltr'>est</span> <span class='ocrx_word' id='word_1_469' title='bbox 1253 1007 1340 1047; x_wconf 78' lang='lat' dir='ltr'>quod</span> <span class='ocrx_word' id='word_1_470' title='bbox 1367 1010 1459 1038; x_wconf 88' lang='lat' dir='ltr'>sacris</span> <span class='ocrx_word' id='word_1_471' title='bbox 1484 1009 1560 1039; x_wconf 89' lang='lat' dir='ltr'>locis</span> <span class='ocrx_word' id='word_1_472' title='bbox 1576 1011 1764 1043; x_wconf 83' lang='lat' dir='ltr'>Draconurn</span> <span class='ocrx_word' id='word_1_473' title='bbox 1782 1015 1818 1045; x_wconf 84' lang='lat' dir='ltr'>fi-</span> 
     </span>
     <span class='ocr_line' id='line_1_81' title="bbox 982 1049 1819 1090; baseline 0.016 -14"><span class='ocrx_word' id='word_1_474' title='bbox 982 1055 1068 1085; x_wconf 66' lang='lat' dir='ltr'>gurae</span> <span class='ocrx_word' id='word_1_475' title='bbox 1091 1049 1355 1089; x_wconf 79' lang='lat' dir='ltr'>appingerentur,</span> <span class='ocrx_word' id='word_1_476' title='bbox 1380 1058 1414 1081; x_wconf 91' lang='lat' dir='ltr'>ut</span> <span class='ocrx_word' id='word_1_477' title='bbox 1438 1060 1550 1082; x_wconf 85' lang='lat' dir='ltr'>auctor</span> <span class='ocrx_word' id='word_1_478' title='bbox 1574 1061 1621 1084; x_wconf 75' lang='lat' dir='ltr'>est</span> <span class='ocrx_word' id='word_1_479' title='bbox 1645 1055 1819 1090; x_wconf 79' lang='lat' dir='ltr'>Turnebus</span> 
     </span>
     <span class='ocr_line' id='line_1_82' title="bbox 980 1089 1817 1135; baseline 0.014 -15"><span class='ocrx_word' id='word_1_480' title='bbox 980 1089 1035 1120; x_wconf 78' lang='lat' dir='ltr'>lib.</span> <span class='ocrx_word' id='word_1_481' title='bbox 1056 1093 1103 1122; x_wconf 81' lang='lat'>13.</span> <span class='ocrx_word' id='word_1_482' title='bbox 1127 1102 1197 1132; x_wconf 85' lang='lat' dir='ltr'>cap.</span> <span class='ocrx_word' id='word_1_483' title='bbox 1220 1094 1268 1123; x_wconf 83' lang='lat'>12.</span> <span class='ocrx_word' id='word_1_484' title='bbox 1294 1095 1321 1123; x_wconf 72' lang='grc' dir='ltr'>δε</span> <span class='ocrx_word' id='word_1_485' title='bbox 1339 1093 1392 1123; x_wconf 90' lang='lat' dir='ltr'>lib.</span> <span class='ocrx_word' id='word_1_486' title='bbox 1410 1097 1459 1124; x_wconf 85' lang='lat'>14.</span> <span class='ocrx_word' id='word_1_487' title='bbox 1484 1106 1554 1135; x_wconf 74' lang='lat' dir='ltr'>cap.</span> <span class='ocrx_word' id='word_1_488' title='bbox 1572 1099 1606 1126; x_wconf 88' lang='lat'>4.</span> <span class='ocrx_word' id='word_1_489' title='bbox 1640 1099 1692 1128; x_wconf 92' lang='lat' dir='ltr'>ubi</span> <span class='ocrx_word' id='word_1_490' title='bbox 1719 1102 1747 1130; x_wconf 70' lang='lat'>5.-</span> <span class='ocrx_word' id='word_1_491' title='bbox 1772 1103 1817 1133; x_wconf 88' lang='lat'>10-</span> 
     </span>
     <span class='ocr_line' id='line_1_83' title="bbox 980 1135 1818 1181; baseline 0.014 -18"><span class='ocrx_word' id='word_1_492' title='bbox 980 1142 1056 1164; x_wconf 89' lang='lat' dir='ltr'>cum</span> <span class='ocrx_word' id='word_1_493' title='bbox 1086 1135 1174 1165; x_wconf 88' lang='lat' dir='ltr'>hunc</span> <span class='ocrx_word' id='word_1_494' title='bbox 1206 1136 1301 1167; x_wconf 84' lang='lat' dir='ltr'>Persii</span> <span class='ocrx_word' id='word_1_495' title='bbox 1330 1136 1430 1168; x_wconf 85' lang='lat' dir='ltr'>affert.</span> <span class='ocrx_word' id='word_1_496' title='bbox 1491 1139 1557 1169; x_wconf 91' lang='lat' dir='ltr'>Cur</span> <span class='ocrx_word' id='word_1_497' title='bbox 1584 1140 1727 1181; x_wconf 83' lang='lat' dir='ltr'>denique</span> <span class='ocrx_word' id='word_1_498' title='bbox 1755 1147 1818 1178; x_wconf 89' lang='lat' dir='ltr'>sub</span> 
     </span>
     <span class='ocr_line' id='line_1_84' title="bbox 979 1179 1813 1223; baseline 0.014 -18"><span class='ocrx_word' id='word_1_499' title='bbox 979 1179 1085 1214; x_wconf 87' lang='lat' dir='ltr'>specie</span> <span class='ocrx_word' id='word_1_500' title='bbox 1109 1186 1295 1217; x_wconf 83' lang='lat' dir='ltr'>serpentum</span> <span class='ocrx_word' id='word_1_501' title='bbox 1324 1188 1423 1220; x_wconf 84' lang='lat' dir='ltr'>atque</span> <span class='ocrx_word' id='word_1_502' title='bbox 1449 1182 1640 1222; x_wconf 87' lang='lat' dir='ltr'>draconum,</span> <span class='ocrx_word' id='word_1_503' title='bbox 1669 1186 1813 1223; x_wconf 82' lang='lat' dir='ltr'>locorum</span> 
     </span>
     <span class='ocr_line' id='line_1_85' title="bbox 979 1218 1812 1271; baseline 0.011 -22"><span class='ocrx_word' id='word_1_504' title='bbox 979 1218 1111 1259; x_wconf 83' lang='lat' dir='ltr'>Genios,</span> <span class='ocrx_word' id='word_1_505' title='bbox 1136 1232 1171 1251; x_wconf 90' lang='lat' dir='ltr'>ac</span> <span class='ocrx_word' id='word_1_506' title='bbox 1189 1222 1289 1262; x_wconf 90' lang='lat' dir='ltr'>Deos,</span> <span class='ocrx_word' id='word_1_507' title='bbox 1314 1224 1502 1264; x_wconf 85' lang='lat' dir='ltr'>Heroasque</span> <span class='ocrx_word' id='word_1_508' title='bbox 1517 1227 1672 1267; x_wconf 85' lang='lat' dir='ltr'>colerent,</span> <span class='ocrx_word' id='word_1_509' title='bbox 1700 1231 1812 1271; x_wconf 83' lang='lat' dir='ltr'>pinge-</span> 
     </span>
     <span class='ocr_line' id='line_1_86' title="bbox 976 1265 1811 1310; baseline 0.016 -18"><span class='ocrx_word' id='word_1_510' title='bbox 976 1270 1122 1303; x_wconf 85' lang='lat' dir='ltr'>rentque,</span> <span class='ocrx_word' id='word_1_511' title='bbox 1147 1265 1289 1296; x_wconf 89' lang='lat' dir='ltr'>Macrob.</span> <span class='ocrx_word' id='word_1_512' title='bbox 1308 1268 1468 1297; x_wconf 84' lang='lat' dir='ltr'>Saturnal.</span> <span class='ocrx_word' id='word_1_513' title='bbox 1493 1269 1545 1299; x_wconf 89' lang='lat' dir='ltr'>lib.</span> <span class='ocrx_word' id='word_1_514' title='bbox 1564 1272 1592 1300; x_wconf 85' lang='grc'>1.</span> <span class='ocrx_word' id='word_1_515' title='bbox 1608 1281 1678 1310; x_wconf 53' lang='lat' dir='ltr'>cap.</span> <span class='ocrx_word' id='word_1_516' title='bbox 1692 1274 1744 1302; x_wconf 77' lang='lat'>20.</span> <span class='ocrx_word' id='word_1_517' title='bbox 1762 1285 1811 1306; x_wconf 88' lang='lat' dir='ltr'>ra-</span> 
     </span>
     <span class='ocr_line' id='line_1_87' title="bbox 975 1306 1811 1352; baseline 0.017 -17"><span class='ocrx_word' id='word_1_518' title='bbox 975 1306 1097 1337; x_wconf 87' lang='lat' dir='ltr'>tionem</span> <span class='ocrx_word' id='word_1_519' title='bbox 1116 1310 1241 1338; x_wconf 79' lang='lat' dir='ltr'>videtur</span> <span class='ocrx_word' id='word_1_520' title='bbox 1256 1311 1424 1350; x_wconf 89' lang='lat' dir='ltr'>attingere,</span> <span class='ocrx_word' id='word_1_521' title='bbox 1441 1312 1515 1342; x_wconf 78' lang='lat' dir='ltr'>curn</span> <span class='ocrx_word' id='word_1_522' title='bbox 1531 1315 1587 1351; x_wconf 89' lang='lat' dir='ltr'>ait,</span> <span class='ocrx_word' id='word_1_523' title='bbox 1599 1314 1678 1345; x_wconf 76' lang='lat' dir='ltr'>Ideo</span> <span class='ocrx_word' id='word_1_524' title='bbox 1694 1318 1811 1352; x_wconf 85' lang='lat' dir='ltr'>Salutis</span> 
     </span>
     <span class='ocr_line' id='line_1_88' title="bbox 973 1349 1810 1403; baseline 0.019 -26"><span class='ocrx_word' id='word_1_525' title='bbox 973 1349 1000 1377; x_wconf 66' lang='grc' dir='ltr'><em>ἂ</em></span> <span class='ocrx_word' id='word_1_526' title='bbox 1015 1349 1191 1390; x_wconf 86' lang='lat' dir='ltr'>AEsculapii</span> <span class='ocrx_word' id='word_1_527' title='bbox 1206 1353 1382 1383; x_wconf 84' lang='lat' dir='ltr'>simulacris</span> <span class='ocrx_word' id='word_1_528' title='bbox 1394 1356 1525 1395; x_wconf 81' lang='lat' dir='ltr'>appingi</span> <span class='ocrx_word' id='word_1_529' title='bbox 1539 1358 1713 1391; x_wconf 85' lang='lat' dir='ltr'>draconum</span> <span class='ocrx_word' id='word_1_530' title='bbox 1728 1363 1810 1403; x_wconf 78' lang='lat' dir='ltr'>figu-</span> 
     </span>
     <span class='ocr_line' id='line_1_89' title="bbox 971 1396 1810 1442; baseline 0.018 -21"><span class='ocrx_word' id='word_1_531' title='bbox 971 1401 1028 1439; x_wconf 75' lang='lat' dir='ltr'>ras,</span> <span class='ocrx_word' id='word_1_532' title='bbox 1053 1396 1130 1434; x_wconf 89' lang='lat' dir='ltr'>quia</span> <span class='ocrx_word' id='word_1_533' title='bbox 1156 1402 1305 1434; x_wconf 80' lang='lat' dir='ltr'>praestaut</span> <span class='ocrx_word' id='word_1_534' title='bbox 1332 1404 1367 1426; x_wconf 84' lang='lat' dir='ltr'>ut</span> <span class='ocrx_word' id='word_1_535' title='bbox 1391 1399 1534 1429; x_wconf 87' lang='lat' dir='ltr'>humana</span> <span class='ocrx_word' id='word_1_536' title='bbox 1550 1411 1693 1442; x_wconf 84' lang='lat' dir='ltr'>corpora,</span> <span class='ocrx_word' id='word_1_537' title='bbox 1721 1408 1810 1440; x_wconf 79' lang='lat' dir='ltr'>velut</span> 
     </span>
     <span class='ocr_line' id='line_1_90' title="bbox 969 1435 1806 1483; baseline 0.02 -19"><span class='ocrx_word' id='word_1_538' title='bbox 969 1435 1159 1468; x_wconf 73' lang='lat' dir='ltr'>infirmitatis</span> <span class='ocrx_word' id='word_1_539' title='bbox 1185 1439 1270 1477; x_wconf 86' lang='lat' dir='ltr'>pelle</span> <span class='ocrx_word' id='word_1_540' title='bbox 1285 1440 1441 1479; x_wconf 68' lang='lat' dir='ltr'>deposita,</span> <span class='ocrx_word' id='word_1_541' title='bbox 1465 1443 1503 1471; x_wconf 88' lang='lat' dir='ltr'>ad</span> <span class='ocrx_word' id='word_1_542' title='bbox 1532 1445 1701 1483; x_wconf 83' lang='lat' dir='ltr'>pristinum</span> <span class='ocrx_word' id='word_1_543' title='bbox 1727 1453 1806 1482; x_wconf 90' lang='lat' dir='ltr'>revi-</span> 
     </span>
     <span class='ocr_line' id='line_1_91' title="bbox 968 1482 1807 1533; baseline 0.019 -26"><span class='ocrx_word' id='word_1_544' title='bbox 968 1486 1093 1510; x_wconf 85' lang='lat' dir='ltr'>rescant</span> <span class='ocrx_word' id='word_1_545' title='bbox 1109 1482 1264 1521; x_wconf 82' lang='lat' dir='ltr'>vigorem,</span> <span class='ocrx_word' id='word_1_546' title='bbox 1278 1483 1362 1512; x_wconf 92' lang='lat' dir='ltr'>sicut</span> <span class='ocrx_word' id='word_1_547' title='bbox 1375 1486 1569 1518; x_wconf 84' lang='lat' dir='ltr'>revirescunt</span> <span class='ocrx_word' id='word_1_548' title='bbox 1582 1489 1734 1522; x_wconf 86' lang='lat' dir='ltr'>dracones</span> <span class='ocrx_word' id='word_1_549' title='bbox 1750 1505 1807 1533; x_wconf 77' lang='lat' dir='ltr'>per</span> 
     </span>
     <span class='ocr_line' id='line_1_92' title="bbox 966 1525 1805 1570; baseline 0.017 -19"><span class='ocrx_word' id='word_1_550' title='bbox 966 1529 1068 1553; x_wconf 88' lang='lat' dir='ltr'>annos</span> <span class='ocrx_word' id='word_1_551' title='bbox 1084 1525 1239 1564; x_wconf 87' lang='lat' dir='ltr'>singulos,</span> <span class='ocrx_word' id='word_1_552' title='bbox 1263 1527 1348 1565; x_wconf 88' lang='lat' dir='ltr'>pelle</span> <span class='ocrx_word' id='word_1_553' title='bbox 1359 1530 1533 1559; x_wconf 83' lang='lat' dir='ltr'>senectutis</span> <span class='ocrx_word' id='word_1_554' title='bbox 1551 1532 1663 1563; x_wconf 68' lang='lat' dir='ltr'>exuta.</span> <span class='ocrx_word' id='word_1_555' title='bbox 1711 1536 1805 1570; x_wconf 52' lang='lat' dir='ltr'>Unda</span> 
     </span>
     <span class='ocr_line' id='line_1_93' title="bbox 965 1566 1805 1615; baseline 0.023 -21"><span class='ocrx_word' id='word_1_556' title='bbox 965 1566 1155 1597; x_wconf 90' lang='lat' dir='ltr'>concludere</span> <span class='ocrx_word' id='word_1_557' title='bbox 1181 1568 1277 1607; x_wconf 86' lang='lat' dir='ltr'>licet;</span> <span class='ocrx_word' id='word_1_558' title='bbox 1316 1577 1493 1610; x_wconf 87' lang='lat' dir='ltr'>serpentes,</span> <span class='ocrx_word' id='word_1_559' title='bbox 1527 1574 1567 1604; x_wconf 81' lang='lat' dir='ltr'>eo</span> <span class='ocrx_word' id='word_1_560' title='bbox 1587 1577 1676 1615; x_wconf 81' lang='lat' dir='ltr'>quod</span> <span class='ocrx_word' id='word_1_561' title='bbox 1705 1581 1805 1614; x_wconf 84' lang='lat' dir='ltr'>veluti</span> 
     </span>
     <span class='ocr_line' id='line_1_94' title="bbox 965 1612 1803 1657; baseline 0.024 -20"><span class='ocrx_word' id='word_1_562' title='bbox 965 1612 1138 1655; x_wconf 79' lang='lat' dir='ltr'>quotannis</span> <span class='ocrx_word' id='word_1_563' title='bbox 1160 1612 1392 1651; x_wconf 84' lang='lat' dir='ltr'>juvenescunt,</span> <span class='ocrx_word' id='word_1_564' title='bbox 1420 1616 1691 1652; x_wconf 81' lang='lat' dir='ltr'>immortalitatem</span> <span class='ocrx_word' id='word_1_565' title='bbox 1720 1624 1803 1657; x_wconf 72' lang='lat' dir='ltr'>bene</span> 
     </span>
     <span class='ocr_line' id='line_1_95' title="bbox 964 1653 1787 1707; baseline 0.022 -27"><span class='ocrx_word' id='word_1_566' title='bbox 964 1653 1154 1692; x_wconf 70' lang='lat' dir='ltr'>significare,</span> <span class='ocrx_word' id='word_1_567' title='bbox 1178 1655 1265 1686; x_wconf 91' lang='lat' dir='ltr'>Deos</span> <span class='ocrx_word' id='word_1_568' title='bbox 1293 1657 1322 1686; x_wconf 68' lang='grc' dir='ltr'>ἀ</span> <span class='ocrx_word' id='word_1_569' title='bbox 1339 1657 1462 1688; x_wconf 88' lang='lat' dir='ltr'>Heroas</span> <span class='ocrx_word' id='word_1_570' title='bbox 1477 1662 1598 1699; x_wconf 75' lang='lat' dir='ltr'>optime</span> <span class='ocrx_word' id='word_1_571' title='bbox 1622 1664 1787 1707; x_wconf 84' lang='lat' dir='ltr'>designare</span> 
     </span>
     <span class='ocr_line' id='line_1_96' title="bbox 963 1694 1799 1746; baseline 0.024 -23"><span class='ocrx_word' id='word_1_572' title='bbox 963 1702 999 1723; x_wconf 85' lang='lat' dir='ltr'>ac</span> <span class='ocrx_word' id='word_1_573' title='bbox 1016 1697 1183 1735; x_wconf 73' lang='lat' dir='ltr'>propterea</span> <span class='ocrx_word' id='word_1_574' title='bbox 1207 1699 1284 1729; x_wconf 68' lang='lat' dir='ltr'>locis</span> <span class='ocrx_word' id='word_1_575' title='bbox 1307 1701 1398 1731; x_wconf 83' lang='lat' dir='ltr'>sacris</span> <span class='ocrx_word' id='word_1_576' title='bbox 1421 1705 1563 1744; x_wconf 85' lang='lat' dir='ltr'>appingi.</span> <span class='ocrx_word' id='word_1_577' title='bbox 1609 1694 1799 1746; x_wconf 65' lang='lat' dir='ltr'>Plutarchu}</span> 
     </span>
     <span class='ocr_line' id='line_1_97' title="bbox 962 1736 1796 1788; baseline 0.024 -22"><span class='ocrx_word' id='word_1_578' title='bbox 962 1736 1058 1785; x_wconf 38' lang='lat' dir='ltr'>a-liam</span> <span class='ocrx_word' id='word_1_579' title='bbox 1075 1740 1165 1771; x_wconf 77' lang='lat' dir='ltr'>affert</span> <span class='ocrx_word' id='word_1_580' title='bbox 1181 1751 1323 1781; x_wconf 83' lang='lat' dir='ltr'>causam,</span> <span class='ocrx_word' id='word_1_581' title='bbox 1346 1745 1400 1774; x_wconf 91' lang='lat' dir='ltr'>sed</span> <span class='ocrx_word' id='word_1_582' title='bbox 1415 1756 1489 1776; x_wconf 87' lang='lat' dir='ltr'>meo</span> <span class='ocrx_word' id='word_1_583' title='bbox 1500 1748 1623 1785; x_wconf 83' lang='lat' dir='ltr'>judicio</span> <span class='ocrx_word' id='word_1_584' title='bbox 1640 1754 1731 1785; x_wconf 71' lang='lat' dir='ltr'>valde</span> <span class='ocrx_word' id='word_1_585' title='bbox 1745 1756 1796 1788; x_wconf 86' lang='lat' dir='ltr'>fu-</span> 
     </span>
     <span class='ocr_line' id='line_1_98' title="bbox 962 1780 1797 1832; baseline 0.025 -24"><span class='ocrx_word' id='word_1_586' title='bbox 962 1780 1064 1828; x_wconf 77' lang='lat' dir='ltr'>ulem,</span> <span class='ocrx_word' id='word_1_587' title='bbox 1094 1784 1127 1813; x_wconf 88' lang='lat' dir='ltr'>in</span> <span class='ocrx_word' id='word_1_588' title='bbox 1143 1784 1218 1814; x_wconf 80' lang='lat' dir='ltr'>Vita</span> <span class='ocrx_word' id='word_1_589' title='bbox 1231 1785 1414 1818; x_wconf 90' lang='lat' dir='ltr'>Cleomenis</span> <span class='ocrx_word' id='word_1_590' title='bbox 1429 1789 1468 1818; x_wconf 89' lang='lat' dir='ltr'>ad</span> <span class='ocrx_word' id='word_1_591' title='bbox 1485 1790 1595 1830; x_wconf 88' lang='lat' dir='ltr'>finem,</span> <span class='ocrx_word' id='word_1_592' title='bbox 1620 1796 1675 1825; x_wconf 86' lang='lat' dir='ltr'>ubi</span> <span class='ocrx_word' id='word_1_593' title='bbox 1694 1807 1797 1832; x_wconf 80' lang='lat' dir='ltr'>narrat</span> 
     </span>
     <span class='ocr_line' id='line_1_99' title="bbox 959 1821 1794 1875; baseline 0.024 -23"><span class='ocrx_word' id='word_1_594' title='bbox 959 1821 1017 1871; x_wconf 41' lang='grc' dir='ltr'>ἥξει</span> <span class='ocrx_word' id='word_1_595' title='bbox 1040 1825 1074 1855; x_wconf 88' lang='lat' dir='ltr'>in</span> <span class='ocrx_word' id='word_1_596' title='bbox 1089 1836 1183 1856; x_wconf 89' lang='lat' dir='ltr'>cruce</span> <span class='ocrx_word' id='word_1_597' title='bbox 1197 1828 1384 1860; x_wconf 80' lang='lat' dir='ltr'>Cleomenis</span> <span class='ocrx_word' id='word_1_598' title='bbox 1408 1841 1522 1871; x_wconf 73' lang='lat' dir='ltr'>corpus</span> <span class='ocrx_word' id='word_1_599' title='bbox 1538 1845 1678 1875; x_wconf 87' lang='lat' dir='ltr'>anguem</span> <span class='ocrx_word' id='word_1_600' title='bbox 1696 1839 1794 1875; x_wconf 86' lang='lat' dir='ltr'>fuisse</span> 
     </span>
     <span class='ocr_line' id='line_1_100' title="bbox 957 1870 1794 1919; baseline 0.024 -24"><span class='ocrx_word' id='word_1_601' title='bbox 957 1870 1232 1909; x_wconf 77' lang='lat' dir='ltr'>circumplexum,</span> <span class='ocrx_word' id='word_1_602' title='bbox 1250 1872 1393 1911; x_wconf 81' lang='lat' dir='ltr'>hincque</span> <span class='ocrx_word' id='word_1_603' title='bbox 1402 1874 1590 1908; x_wconf 83' lang='lat' dir='ltr'>Divinitatis</span> <span class='ocrx_word' id='word_1_604' title='bbox 1605 1882 1794 1919; x_wconf 86' lang='lat' dir='ltr'>opinionem</span> 
     </span>
     <span class='ocr_line' id='line_1_101' title="bbox 958 1908 1792 1960; baseline 0.019 -21"><span class='ocrx_word' id='word_1_605' title='bbox 958 1908 1040 1949; x_wconf 87' lang='lat' dir='ltr'>Regi</span> <span class='ocrx_word' id='word_1_606' title='bbox 1065 1915 1240 1953; x_wconf 85' lang='lat' dir='ltr'>accessisse,</span> <span class='ocrx_word' id='word_1_607' title='bbox 1263 1916 1292 1944; x_wconf 69' lang='grc' dir='ltr'>ἃς</span> <span class='ocrx_word' id='word_1_608' title='bbox 1316 1915 1456 1948; x_wconf 72' lang='grc' dir='ltr'>Ηεῐοὲηι</span> <span class='ocrx_word' id='word_1_609' title='bbox 1482 1920 1629 1953; x_wconf 78' lang='lat' dir='ltr'>habitum</span> <span class='ocrx_word' id='word_1_610' title='bbox 1647 1923 1792 1960; x_wconf 85' lang='lat' dir='ltr'>Cleome.</span> 
     </span>
     <span class='ocr_line' id='line_1_102' title="bbox 955 1954 1792 2010; baseline 0.019 -28"><span class='ocrx_word' id='word_1_611' title='bbox 955 1961 1032 2000; x_wconf 77' lang='lat' dir='ltr'>nem</span> <span class='ocrx_word' id='word_1_612' title='bbox 1050 1954 1265 1996; x_wconf 86' lang='lat' dir='ltr'>Deorumque</span> <span class='ocrx_word' id='word_1_613' title='bbox 1288 1959 1402 1991; x_wconf 85' lang='lat' dir='ltr'>filium.</span> <span class='ocrx_word' id='word_1_614' title='bbox 1448 1962 1549 1993; x_wconf 87' lang='lat' dir='ltr'>Addit</span> <span class='ocrx_word' id='word_1_615' title='bbox 1574 1968 1666 2003; x_wconf 87' lang='lat' dir='ltr'>porro</span> <span class='ocrx_word' id='word_1_616' title='bbox 1692 1970 1792 2010; x_wconf 67' lang='lat' dir='ltr'>hujus</span> 
     </span>
     <span class='ocr_line' id='line_1_103' title="bbox 955 1998 1790 2053; baseline 0.022 -29"><span class='ocrx_word' id='word_1_617' title='bbox 955 2004 998 2043; x_wconf 78' lang='lat' dir='ltr'>rei</span> <span class='ocrx_word' id='word_1_618' title='bbox 1015 1998 1043 2026; x_wconf 70' lang='grc' dir='ltr'>ἀ</span> <span class='ocrx_word' id='word_1_619' title='bbox 1060 2001 1221 2038; x_wconf 84' lang='lat' dir='ltr'>opinionis</span> <span class='ocrx_word' id='word_1_620' title='bbox 1236 2011 1364 2033; x_wconf 89' lang='lat' dir='ltr'>causam</span> <span class='ocrx_word' id='word_1_621' title='bbox 1379 2004 1396 2033; x_wconf 75' lang='lat' dir='ltr'>a</span> <span class='ocrx_word' id='word_1_622' title='bbox 1413 2006 1610 2044; x_wconf 82' lang='lat' dir='ltr'>sapientibus</span> <span class='ocrx_word' id='word_1_623' title='bbox 1631 2011 1702 2041; x_wconf 69' lang='lat' dir='ltr'>viris</span> <span class='ocrx_word' id='word_1_624' title='bbox 1717 2024 1790 2053; x_wconf 75' lang='lat' dir='ltr'>pro-</span> 
     </span>
     <span class='ocr_line' id='line_1_104' title="bbox 952 2037 1788 2096; baseline 0.023 -29"><span class='ocrx_word' id='word_1_625' title='bbox 952 2037 1052 2070; x_wconf 83' lang='lat' dir='ltr'>ditam</span> <span class='ocrx_word' id='word_1_626' title='bbox 1070 2052 1149 2081; x_wconf 90' lang='lat' dir='ltr'>esse,</span> <span class='ocrx_word' id='word_1_627' title='bbox 1173 2045 1259 2083; x_wconf 82' lang='lat' dir='ltr'>quod</span> <span class='ocrx_word' id='word_1_628' title='bbox 1278 2047 1361 2076; x_wconf 88' lang='lat' dir='ltr'>sicut</span> <span class='ocrx_word' id='word_1_629' title='bbox 1376 2046 1393 2076; x_wconf 78' lang='grc' dir='ltr'>ὲ</span> <span class='ocrx_word' id='word_1_630' title='bbox 1410 2048 1510 2079; x_wconf 90' lang='lat' dir='ltr'>bobus</span> <span class='ocrx_word' id='word_1_631' title='bbox 1526 2061 1614 2089; x_wconf 85' lang='lat' dir='ltr'>apes,</span> <span class='ocrx_word' id='word_1_632' title='bbox 1636 2063 1678 2084; x_wconf 84' lang='lat' dir='ltr'>ex</span> <span class='ocrx_word' id='word_1_633' title='bbox 1696 2061 1788 2096; x_wconf 70' lang='lat' dir='ltr'>equis</span> 
     </span>
     <span class='ocr_line' id='line_1_105' title="bbox 951 2080 1786 2133; baseline 0.023 -23"><span class='ocrx_word' id='word_1_634' title='bbox 951 2080 1030 2121; x_wconf 89' lang='lat' dir='ltr'>fuci,</span> <span class='ocrx_word' id='word_1_635' title='bbox 1046 2095 1088 2116; x_wconf 86' lang='lat' dir='ltr'>ex</span> <span class='ocrx_word' id='word_1_636' title='bbox 1098 2087 1191 2117; x_wconf 88' lang='lat' dir='ltr'>asinis</span> <span class='ocrx_word' id='word_1_637' title='bbox 1205 2090 1371 2120; x_wconf 79' lang='lat' dir='ltr'>crabrones</span> <span class='ocrx_word' id='word_1_638' title='bbox 1386 2100 1590 2132; x_wconf 71' lang='lat' dir='ltr'>generantur,</span> <span class='ocrx_word' id='word_1_639' title='bbox 1615 2097 1656 2126; x_wconf 89' lang='lat' dir='ltr'>sic</span> <span class='ocrx_word' id='word_1_640' title='bbox 1671 2109 1712 2130; x_wconf 85' lang='lat' dir='ltr'>ex</span> <span class='ocrx_word' id='word_1_641' title='bbox 1725 2103 1786 2133; x_wconf 86' lang='lat' dir='ltr'>hu-</span> 
     </span>
     <span class='ocr_line' id='line_1_106' title="bbox 952 2128 1787 2176; baseline 0.023 -21"><span class='ocrx_word' id='word_1_642' title='bbox 952 2128 1056 2174; x_wconf 63' lang='lat' dir='ltr'>ruanis</span> <span class='ocrx_word' id='word_1_643' title='bbox 1079 2132 1263 2169; x_wconf 83' lang='lat' dir='ltr'>corporibus</span> <span class='ocrx_word' id='word_1_644' title='bbox 1289 2140 1452 2172; x_wconf 83' lang='lat' dir='ltr'>serpentes</span> <span class='ocrx_word' id='word_1_645' title='bbox 1474 2146 1674 2171; x_wconf 81' lang='lat' dir='ltr'>enascantur.</span> <span class='ocrx_word' id='word_1_646' title='bbox 1719 2145 1787 2176; x_wconf 74' lang='lat' dir='ltr'>De-</span> 
     </span>
     <span class='ocr_line' id='line_1_107' title="bbox 951 2174 1785 2219; baseline 0.02 -22"><span class='ocrx_word' id='word_1_647' title='bbox 951 2177 1053 2217; x_wconf 61' lang='lat' dir='ltr'>nique</span> <span class='ocrx_word' id='word_1_648' title='bbox 1070 2174 1233 2205; x_wconf 88' lang='lat' dir='ltr'>concludit</span> <span class='ocrx_word' id='word_1_649' title='bbox 1247 2187 1254 2205; x_wconf 86' lang='lat'><strong>:</strong></span> <span class='ocrx_word' id='word_1_650' title='bbox 1281 2186 1348 2206; x_wconf 88' lang='lat' dir='ltr'>non</span> <span class='ocrx_word' id='word_1_651' title='bbox 1365 2187 1439 2217; x_wconf 87' lang='lat' dir='ltr'>ergo</span> <span class='ocrx_word' id='word_1_652' title='bbox 1454 2179 1508 2209; x_wconf 88' lang='lat' dir='ltr'>abs</span> <span class='ocrx_word' id='word_1_653' title='bbox 1533 2191 1562 2209; x_wconf 83' lang='lat' dir='ltr'>re</span> <span class='ocrx_word' id='word_1_654' title='bbox 1578 2190 1698 2215; x_wconf 81' lang='lat' dir='ltr'>veteres</span> <span class='ocrx_word' id='word_1_655' title='bbox 1715 2187 1785 2219; x_wconf 83' lang='lat' dir='ltr'>He-</span> 
     </span>
     <span class='ocr_line' id='line_1_108' title="bbox 950 2214 1784 2264; baseline 0.025 -23"><span class='ocrx_word' id='word_1_656' title='bbox 950 2214 1059 2244; x_wconf 82' lang='lat' dir='ltr'>ro1bus</span> <span class='ocrx_word' id='word_1_657' title='bbox 1072 2216 1224 2248; x_wconf 87' lang='lat' dir='ltr'>dracones</span> <span class='ocrx_word' id='word_1_658' title='bbox 1236 2221 1440 2250; x_wconf 69' lang='lat' dir='ltr'>consecrasse.</span> <span class='ocrx_word' id='word_1_659' title='bbox 1488 2222 1650 2256; x_wconf 82' lang='lat' dir='ltr'>Dracones</span> <span class='ocrx_word' id='word_1_660' title='bbox 1673 2229 1784 2264; x_wconf 85' lang='lat' dir='ltr'>divino</span> 
     </span>
     <span class='ocr_line' id='line_1_109' title="bbox 948 2256 1782 2307; baseline 0.026 -24"><span class='ocrx_word' id='word_1_661' title='bbox 948 2256 1043 2287; x_wconf 90' lang='lat' dir='ltr'>cultu</span> <span class='ocrx_word' id='word_1_662' title='bbox 1060 2258 1231 2292; x_wconf 87' lang='lat' dir='ltr'>honoratos</span> <span class='ocrx_word' id='word_1_663' title='bbox 1245 2262 1404 2293; x_wconf 83' lang='lat' dir='ltr'>affirmant</span> <span class='ocrx_word' id='word_1_664' title='bbox 1415 2266 1509 2303; x_wconf 78' lang='lat' dir='ltr'>porro</span> <span class='ocrx_word' id='word_1_665' title='bbox 1519 2265 1666 2300; x_wconf 86' lang='lat' dir='ltr'>AElianus</span> <span class='ocrx_word' id='word_1_666' title='bbox 1682 2272 1726 2302; x_wconf 90' lang='lat' dir='ltr'>lib</span> <span class='ocrx_word' id='word_1_667' title='bbox 1749 2277 1782 2307; x_wconf 80' lang='lat'>2.</span> 
     </span>
     <span class='ocr_line' id='line_1_110' title="bbox 946 2297 1782 2350; baseline 0.023 -22"><span class='ocrx_word' id='word_1_668' title='bbox 946 2297 987 2327; x_wconf 86' lang='lat' dir='ltr'>de</span> <span class='ocrx_word' id='word_1_669' title='bbox 1003 2302 1130 2332; x_wconf 83' lang='lat' dir='ltr'>animal.</span> <span class='ocrx_word' id='word_1_670' title='bbox 1161 2314 1230 2343; x_wconf 86' lang='lat' dir='ltr'>cap.</span> <span class='ocrx_word' id='word_1_671' title='bbox 1242 2307 1276 2343; x_wconf 79' lang='lat'>2,</span> <span class='ocrx_word' id='word_1_672' title='bbox 1298 2307 1348 2344; x_wconf 81' lang='lat'>16,</span> <span class='ocrx_word' id='word_1_673' title='bbox 1366 2309 1415 2337; x_wconf 82' lang='lat'>17.</span> <span class='ocrx_word' id='word_1_674' title='bbox 1431 2310 1458 2338; x_wconf 59' lang='grc' dir='ltr'>ἃ</span> <span class='ocrx_word' id='word_1_675' title='bbox 1475 2309 1634 2343; x_wconf 82' lang='lat' dir='ltr'>Plutarch.</span> <span class='ocrx_word' id='word_1_676' title='bbox 1653 2314 1724 2345; x_wconf 88' lang='lat' dir='ltr'>Lib.</span> <span class='ocrx_word' id='word_1_677' title='bbox 1741 2318 1782 2350; x_wconf 82' lang='lat' dir='ltr'>de</span> 
     </span>
     <span class='ocr_line' id='line_1_111' title="bbox 942 2341 1220 2378; baseline 0.022 -6"><span class='ocrx_word' id='word_1_678' title='bbox 942 2341 1024 2373; x_wconf 82' lang='lat' dir='ltr'>Iside.</span> <span class='ocrx_word' id='word_1_679' title='bbox 1041 2347 1068 2376; x_wconf 77' lang='lat' dir='ltr'>Sc</span> <span class='ocrx_word' id='word_1_680' title='bbox 1086 2346 1220 2378; x_wconf 73' lang='lat' dir='ltr'>Osiride.</span> 
     </span>
    </p>

    <p class='ocr_par' dir='ltr' id='par_1_28' title="bbox 941 2386 1780 2550">
     <span class='ocr_line' id='line_1_112' title="bbox 987 2386 1779 2434; baseline 0.023 -18"><span class='ocrx_word' id='word_1_681' title='bbox 987 2386 1093 2427; x_wconf 81' lang='lat' dir='ltr'>Pueri,</span> <span class='ocrx_word' id='word_1_682' title='bbox 1115 2400 1201 2419; x_wconf 81' lang='lat' dir='ltr'>sacer</span> <span class='ocrx_word' id='word_1_683' title='bbox 1231 2397 1277 2422; x_wconf 83' lang='lat' dir='ltr'>est</span> <span class='ocrx_word' id='word_1_684' title='bbox 1301 2393 1396 2432; x_wconf 75' lang='lat' dir='ltr'>locus]</span> <span class='ocrx_word' id='word_1_685' title='bbox 1420 2394 1514 2424; x_wconf 87' lang='lat' dir='ltr'>Adde</span> <span class='ocrx_word' id='word_1_686' title='bbox 1541 2398 1638 2428; x_wconf 88' lang='lat' dir='ltr'>etiam</span> <span class='ocrx_word' id='word_1_687' title='bbox 1654 2400 1716 2431; x_wconf 91' lang='lat' dir='ltr'>hoc</span> <span class='ocrx_word' id='word_1_688' title='bbox 1731 2403 1779 2434; x_wconf 92' lang='lat' dir='ltr'>in-</span> 
     </span>
     <span class='ocr_line' id='line_1_113' title="bbox 943 2430 1779 2479; baseline 0.023 -21"><span class='ocrx_word' id='word_1_689' title='bbox 943 2430 1126 2471; x_wconf 89' lang='lat' dir='ltr'>terdictum,</span> <span class='ocrx_word' id='word_1_690' title='bbox 1150 2443 1216 2473; x_wconf 92' lang='lat' dir='ltr'>quo</span> <span class='ocrx_word' id='word_1_691' title='bbox 1232 2437 1324 2474; x_wconf 87' lang='lat' dir='ltr'>pueri</span> <span class='ocrx_word' id='word_1_692' title='bbox 1338 2437 1557 2469; x_wconf 86' lang='lat' dir='ltr'>deterreantur</span> <span class='ocrx_word' id='word_1_693' title='bbox 1569 2440 1586 2469; x_wconf 77' lang='lat' dir='ltr'>a</span> <span class='ocrx_word' id='word_1_694' title='bbox 1602 2443 1779 2479; x_wconf 81' lang='lat' dir='ltr'>polluendo</span> 
     </span>
     <span class='ocr_line' id='line_1_114' title="bbox 941 2474 1780 2526; baseline 0.019 -24"><span class='ocrx_word' id='word_1_695' title='bbox 941 2474 1085 2505; x_wconf 86' lang='lat' dir='ltr'>sordibus</span> <span class='ocrx_word' id='word_1_696' title='bbox 1100 2477 1191 2516; x_wconf 70' lang='lat' dir='ltr'>loco,</span> <span class='ocrx_word' id='word_1_697' title='bbox 1217 2488 1299 2508; x_wconf 81' lang='lat' dir='ltr'>neve</span> <span class='ocrx_word' id='word_1_698' title='bbox 1314 2479 1376 2509; x_wconf 87' lang='lat' dir='ltr'>illic</span> <span class='ocrx_word' id='word_1_699' title='bbox 1391 2481 1532 2518; x_wconf 82' lang='lat' dir='ltr'>mejant:</span> <span class='ocrx_word' id='word_1_700' title='bbox 1557 2485 1645 2523; x_wconf 85' lang='lat' dir='ltr'>quod</span> <span class='ocrx_word' id='word_1_701' title='bbox 1661 2490 1780 2526; x_wconf 85' lang='lat' dir='ltr'>grande</span> 
     </span>
     <span class='ocr_line' id='line_1_115' title="bbox 943 2518 1122 2550; baseline 0.028 -5"><span class='ocrx_word' id='word_1_702' title='bbox 943 2523 1009 2546; x_wconf 86' lang='lat' dir='ltr'>erat</span> <span class='ocrx_word' id='word_1_703' title='bbox 1022 2518 1122 2550; x_wconf 88' lang='lat' dir='ltr'>nefas.</span> 
     </span>
    </p>

    <p class='ocr_par' dir='ltr' id='par_1_29' title="bbox 941 2558 1221 2594">
     <span class='ocr_line' id='line_1_116' title="bbox 941 2558 1221 2594; baseline 0.025 -6"><span class='ocrx_word' id='word_1_704' title='bbox 941 2558 1052 2591; x_wconf 86' lang='lat' dir='ltr'>Horat.</span> <span class='ocrx_word' id='word_1_705' title='bbox 1073 2563 1105 2592; x_wconf 85' lang='lat' dir='ltr'>in</span> <span class='ocrx_word' id='word_1_706' title='bbox 1123 2564 1221 2594; x_wconf 84' lang='lat' dir='ltr'>Arte:</span> 
     </span>
    </p>

    <p class='ocr_par' dir='ltr' id='par_1_30' title="bbox 1027 2604 1498 2647">
     <span class='ocr_line' id='line_1_117' title="bbox 1027 2604 1498 2647; baseline 0.015 -13"><span class='ocrx_word' id='word_1_707' title='bbox 1027 2604 1181 2636; x_wconf 63' lang='lat' dir='ltr'>Minxerit</span> <span class='ocrx_word' id='word_1_708' title='bbox 1195 2608 1226 2637; x_wconf 74' lang='lat' dir='ltr'>in</span> <span class='ocrx_word' id='word_1_709' title='bbox 1237 2609 1356 2647; x_wconf 77' lang='lat' dir='ltr'>patrios</span> <span class='ocrx_word' id='word_1_710' title='bbox 1370 2609 1498 2644; x_wconf 80' lang='lat' dir='ltr'>cineres.</span> 
     </span>
    </p>

    <p class='ocr_par' dir='ltr' id='par_1_31' title="bbox 930 2644 1774 2944">
     <span class='ocr_line' id='line_1_118' title="bbox 939 2644 1774 2694; baseline 0.025 -20"><span class='ocrx_word' id='word_1_711' title='bbox 939 2644 1024 2676; x_wconf 79' lang='lat' dir='ltr'>Vide</span> <span class='ocrx_word' id='word_1_712' title='bbox 1046 2658 1118 2687; x_wconf 81' lang='lat' dir='ltr'>qua:</span> <span class='ocrx_word' id='word_1_713' title='bbox 1136 2649 1269 2681; x_wconf 84' lang='lat' dir='ltr'>Sueton.</span> <span class='ocrx_word' id='word_1_714' title='bbox 1295 2652 1334 2681; x_wconf 92' lang='lat' dir='ltr'>de</span> <span class='ocrx_word' id='word_1_715' title='bbox 1352 2652 1479 2684; x_wconf 90' lang='lat' dir='ltr'>Nerone</span> <span class='ocrx_word' id='word_1_716' title='bbox 1508 2655 1587 2687; x_wconf 89' lang='lat' dir='ltr'>lotio</span> <span class='ocrx_word' id='word_1_717' title='bbox 1615 2663 1774 2694; x_wconf 79' lang='lat' dir='ltr'>contami-</span> 
     </span>
     <span class='ocr_line' id='line_1_119' title="bbox 938 2692 1771 2736; baseline 0.023 -19"><span class='ocrx_word' id='word_1_718' title='bbox 938 2696 1038 2719; x_wconf 86' lang='lat' dir='ltr'>nante</span> <span class='ocrx_word' id='word_1_719' title='bbox 1063 2692 1141 2721; x_wconf 82' lang='lat' dir='ltr'>Deae</span> <span class='ocrx_word' id='word_1_720' title='bbox 1164 2694 1382 2726; x_wconf 87' lang='lat' dir='ltr'>simulacrum.</span> <span class='ocrx_word' id='word_1_721' title='bbox 1429 2697 1492 2727; x_wconf 76' lang='lat' dir='ltr'>Sed</span> <span class='ocrx_word' id='word_1_722' title='bbox 1518 2701 1546 2728; x_wconf 72' lang='lat' dir='ltr'>Sc</span> <span class='ocrx_word' id='word_1_723' title='bbox 1573 2703 1699 2734; x_wconf 88' lang='lat' dir='ltr'>urinam</span> <span class='ocrx_word' id='word_1_724' title='bbox 1727 2707 1771 2736; x_wconf 77' lang='lat' dir='ltr'>fa-</span> 
     </span>
     <span class='ocr_line' id='line_1_120' title="bbox 936 2734 1769 2784; baseline 0.022 -24"><span class='ocrx_word' id='word_1_725' title='bbox 936 2740 1008 2762; x_wconf 88' lang='lat' dir='ltr'>cere</span> <span class='ocrx_word' id='word_1_726' title='bbox 1023 2734 1061 2763; x_wconf 75' lang='lat' dir='ltr'>ud</span> <span class='ocrx_word' id='word_1_727' title='bbox 1078 2742 1197 2766; x_wconf 88' lang='lat' dir='ltr'>statuas</span> <span class='ocrx_word' id='word_1_728' title='bbox 1214 2736 1410 2778; x_wconf 85' lang='lat' dir='ltr'>Principum,</span> <span class='ocrx_word' id='word_1_729' title='bbox 1433 2741 1566 2780; x_wconf 79' lang='lat' dir='ltr'>capitale</span> <span class='ocrx_word' id='word_1_730' title='bbox 1583 2745 1691 2784; x_wconf 85' lang='lat' dir='ltr'>fuisse,</span> <span class='ocrx_word' id='word_1_731' title='bbox 1715 2748 1769 2777; x_wconf 87' lang='lat' dir='ltr'>do-</span> 
     </span>
     <span class='ocr_line' id='line_1_121' title="bbox 935 2775 1769 2829; baseline 0.02 -25"><span class='ocrx_word' id='word_1_732' title='bbox 935 2783 986 2805; x_wconf 88' lang='lat' dir='ltr'>cet</span> <span class='ocrx_word' id='word_1_733' title='bbox 1002 2775 1105 2807; x_wconf 82' lang='lat' dir='ltr'>AElius</span> <span class='ocrx_word' id='word_1_734' title='bbox 1122 2779 1308 2816; x_wconf 73' lang='lat' dir='ltr'>Spartianus</span> <span class='ocrx_word' id='word_1_735' title='bbox 1336 2782 1370 2811; x_wconf 91' lang='lat' dir='ltr'>in</span> <span class='ocrx_word' id='word_1_736' title='bbox 1394 2784 1564 2815; x_wconf 84' lang='lat' dir='ltr'>Antonino</span> <span class='ocrx_word' id='word_1_737' title='bbox 1588 2788 1769 2829; x_wconf 80' lang='lat' dir='ltr'>Caracall03</span> 
     </span>
     <span class='ocr_line' id='line_1_122' title="bbox 936 2818 1773 2871; baseline 0.019 -24"><span class='ocrx_word' id='word_1_738' title='bbox 936 2818 989 2847; x_wconf 85' lang='lat' dir='ltr'>ubi</span> <span class='ocrx_word' id='word_1_739' title='bbox 1016 2820 1059 2849; x_wconf 87' lang='lat' dir='ltr'>sic</span> <span class='ocrx_word' id='word_1_740' title='bbox 1085 2821 1198 2850; x_wconf 81' lang='lat' dir='ltr'>refert:</span> <span class='ocrx_word' id='word_1_741' title='bbox 1228 2822 1381 2853; x_wconf 81' lang='lat' dir='ltr'>Damnati</span> <span class='ocrx_word' id='word_1_742' title='bbox 1410 2832 1479 2856; x_wconf 76' lang='lat' dir='ltr'>sunt</span> <span class='ocrx_word' id='word_1_743' title='bbox 1501 2838 1535 2857; x_wconf 83' lang='lat' dir='ltr'>eo</span> <span class='ocrx_word' id='word_1_744' title='bbox 1559 2834 1689 2869; x_wconf 77' lang='lat' dir='ltr'>tempure</span> <span class='ocrx_word' id='word_1_745' title='bbox 1717 2835 1773 2871; x_wconf 76' lang='lat' dir='ltr'>qui</span> 
     </span>
     <span class='ocr_line' id='line_1_123' title="bbox 931 2862 1771 2913; baseline 0.02 -24"><span class='ocrx_word' id='word_1_746' title='bbox 931 2862 1053 2891; x_wconf 83' lang='lat' dir='ltr'>urinam</span> <span class='ocrx_word' id='word_1_747' title='bbox 1068 2873 1101 2891; x_wconf 80' lang='lat' dir='ltr'>eo</span> <span class='ocrx_word' id='word_1_748' title='bbox 1116 2863 1180 2892; x_wconf 84' lang='lat' dir='ltr'><em>loco</em></span> <span class='ocrx_word' id='word_1_749' title='bbox 1195 2864 1358 2906; x_wconf 82' lang='lat' dir='ltr'>fecerant,</span> <span class='ocrx_word' id='word_1_750' title='bbox 1382 2868 1413 2897; x_wconf 87' lang='lat' dir='ltr'>in</span> <span class='ocrx_word' id='word_1_751' title='bbox 1434 2880 1492 2908; x_wconf 82' lang='lat' dir='ltr'>quo</span> <span class='ocrx_word' id='word_1_752' title='bbox 1512 2878 1600 2902; x_wconf 80' lang='lat' dir='ltr'>erant</span> <span class='ocrx_word' id='word_1_753' title='bbox 1624 2874 1771 2913; x_wconf 76' lang='lat' dir='ltr'>imagines</span> 
     </span>
     <span class='ocr_line' id='line_1_124' title="bbox 930 2901 1173 2944; baseline 0.021 -13"><span class='ocrx_word' id='word_1_754' title='bbox 930 2901 970 2931; x_wconf 52' lang='lat' dir='ltr'>Pl</span> <span class='ocrx_word' id='word_1_755' title='bbox 978 2904 1099 2944; x_wconf 77' lang='lat' dir='ltr'>incipis,</span> <span class='ocrx_word' id='word_1_756' title='bbox 1114 2908 1173 2936; x_wconf 62' lang='grc' dir='ltr'>ἀεὶ.</span> 
     </span>
    </p>

    <p class='ocr_par' dir='ltr' id='par_1_32' title="bbox 931 2947 1768 3075">
     <span class='ocr_line' id='line_1_125' title="bbox 981 2947 1767 2996; baseline 0.019 -21"><span class='ocrx_word' id='word_1_757' title='bbox 981 2947 1079 2977; x_wconf 66' lang='lat' dir='ltr'>Extra</span> <span class='ocrx_word' id='word_1_758' title='bbox 1101 2949 1218 2990; x_wconf 58' lang='lat' dir='ltr'>mejite]</span> <span class='ocrx_word' id='word_1_759' title='bbox 1241 2951 1462 2993; x_wconf 71' lang='lat' dir='ltr'>Metaphorice</span> <span class='ocrx_word' id='word_1_760' title='bbox 1476 2957 1650 2996; x_wconf 77' lang='lat' dir='ltr'>significat:</span> <span class='ocrx_word' id='word_1_761' title='bbox 1676 2960 1767 2992; x_wconf 79' lang='lat' dir='ltr'><strong>0P0-</strong></span> 
     </span>
     <span class='ocr_line' id='line_1_126' title="bbox 931 2990 1768 3036; baseline 0.019 -18"><span class='ocrx_word' id='word_1_762' title='bbox 931 2990 989 3019; x_wconf 59' lang='grc' dir='ltr'>ἕπε</span> <span class='ocrx_word' id='word_1_763' title='bbox 1007 2991 1142 3031; x_wconf 88' lang='lat' dir='ltr'>Satirici‚</span> <span class='ocrx_word' id='word_1_764' title='bbox 1165 3003 1332 3026; x_wconf 90' lang='lat' dir='ltr'>censuram</span> <span class='ocrx_word' id='word_1_765' title='bbox 1357 3002 1494 3028; x_wconf 82' lang='lat' dir='ltr'>vestram</span> <span class='ocrx_word' id='word_1_766' title='bbox 1520 3000 1582 3029; x_wconf 85' lang='lat' dir='ltr'>alio</span> <span class='ocrx_word' id='word_1_767' title='bbox 1599 3002 1768 3036; x_wconf 84' lang='lat' dir='ltr'>transferte</span> 
     </span>
     <span class='ocr_line' id='line_1_127' title="bbox 932 3034 1549 3075; baseline 0.016 -13"><span class='ocrx_word' id='word_1_768' title='bbox 932 3034 1090 3075; x_wconf 83' lang='lat' dir='ltr'>quolibet,</span> <span class='ocrx_word' id='word_1_769' title='bbox 1115 3037 1210 3067; x_wconf 74' lang='lat' dir='ltr'>modo</span> <span class='ocrx_word' id='word_1_770' title='bbox 1225 3039 1264 3068; x_wconf 81' lang='lat' dir='ltr'>ab</span> <span class='ocrx_word' id='word_1_771' title='bbox 1289 3040 1340 3070; x_wconf 87' lang='lat' dir='ltr'>his</span> <span class='ocrx_word' id='word_1_772' title='bbox 1353 3042 1549 3072; x_wconf 80' lang='lat' dir='ltr'>abstineatis.</span> 
     </span>
    </p>
   </div>
   <div class='ocr_carea' id='block_1_19' title="bbox 1926 2802 1948 3281">
    <p class='ocr_par' dir='ltr' id='par_1_33' title="bbox 1926 2802 1948 3281">
     <span class='ocr_line' id='line_1_128' title="bbox 1926 2802 1948 3281; textangle 90"><span class='ocrx_word' id='word_1_773' title='bbox 1926 2838 1948 3281; x_wconf 40' lang='lat' dir='ltr'>Q-fixmssr—</span> <span class='ocrx_word' id='word_1_774' title='bbox 1940 2802 1948 2824; x_wconf 59' lang='lat'>‚2-</span> 
     </span>
    </p>
   </div>
  </div>
 </body>
</html>
