1948 3281
115 105 199 145 356

125 200 294 224 mortuum
310 193 462 224 nonnulli
476 192 615 222 tradunt.
661 191 759 231 Diog.
778 190 883 220 Laert.
906 190 961 220 lib.

126 240 156 268 7.
174 237 245 268 Cic.
265 239 294 266 1.
310 238 351 266 de
367 237 490 267 Natura
506 237 663 267 Deorum.

168 281 318 310 Inventus
347 280 392 310 tui
409 279 522 317 finitor
550 278 664 316 aceri-i]
703 276 896 314 Adunaton‚
926 281 963 305 ut

126 324 198 353 vult
213 323 438 360 casaubonus,
452 323 483 352 id
498 327 557 359 est,
581 322 600 350 ὁ
615 320 808 360 Chrysippe,
831 318 856 347 si
871 322 963 356 potes

126 367 342 406 praescrffiere,
365 376 430 405 qua
446 366 479 395 in
497 365 714 404 propositione
732 362 841 391 Soritis
856 362 963 400 quies-

126 410 270 440 cendum
294 411 333 439 sit
356 409 581 448 potissimumz,
616 407 654 444 si,
685 406 833 444 inquam,
857 404 887 433 id
914 405 961 433 in-

126 454 263 491 veneris,
287 453 316 482 <Sc
343 453 441 482 finem
470 455 595 480 certum
617 449 747 478 infinitae
772 447 961 486 propositio-

125 507 205 526 num
224 496 384 536 congeriei
400 494 557 529 statueris,
580 496 652 521 tum
682 499 741 530 ego
763 500 844 520 meae
871 490 963 529 cupi-

124 540 259 569 ditati&
278 539 412 568 avaritiae
432 537 610 566 terminum
635 535 822 572 inveniam;
849 532 881 562 id
903 539 963 571 est,

125 592 307 620 nunquam.

168 625 294 663 Acen-i]
329 623 456 653 Soriten
484 622 644 661 intelligit,
669 630 742 660 quae
758 624 965 659 argumenta-

127 670 171 698 tio
199 674 245 698 est
269 676 399 697 acervus
423 675 484 694 ceu
512 665 667 695 cumulus
693 663 964 703 propositionum,

126 722 198 751 quae
231 712 264 740 in
295 709 459 739 infinitum
492 708 638 747 progredi
669 716 761 746 posse
790 705 964 735 videntur:

125 755 213 784 unde
229 763 284 792 per
300 753 432 781 ironiam
449 751 534 780 dixit
549 750 787 788 Persiusfim'lor
799 759 811 783 ;
837 750 864 778 ἃ
879 748 967 778 addit

126 798 172 825 lui
184 808 196 831 ;
221 798 297 835 quia
308 795 514 824 dissolvenda:
530 794 618 824 istius
631 793 782 824 acervans
794 801 965 832 argumen-

126 840 256 869 tationis
280 839 436 868 rationem
466 838 669 877 investigavit
698 836 912 876 Chrysippus,
938 836 966 864 &z

125 883 164 911 de
181 892 217 912 ea
234 888 372 921 quatuor
388 881 498 910 Libros
511 881 669 920 scripsisse
684 880 792 910 fertur.

128 926 242 956 Horat.
258 926 313 956 lib.
326 926 358 954 2.
378 923 481 963 Epist.
499 926 533 953 t:

695 99 882 142 PERSII
916 97 1135 143 SATIRA
1166 102 1244 145 VI.

1091 191 1174 221 Dum
1186 192 1278 221 cadat
1291 192 1388 221 elusus
1402 191 1518 222 ratione
1530 190 1645 222 ruentis
1657 188 1767 220 acervi.

1006 233 1210 273 Exemplum
1226 235 1334 265 Soritis
1348 240 1395 264 est
1406 237 1491 275 apud
1501 236 1690 266 Ciceronem
1703 231 1837 265 Tuscul.

1006 276 1130 309 Quaest.
1156 279 1186 307 5.
1212 288 1246 308 n.
1275 279 1327 307 45.
1359 279 1417 308 ubi
1443 280 1548 308 solum
1571 279 1748 308 honestum
1773 284 1840 304 esse

1005 320 1132 349 bonum
1142 321 1185 350 sic
1198 321 1347 360 probatur
1361 330 1416 359 per
1427 322 1574 361 quinque
1590 320 1703 360 gradus
1715 329 1721 347 ι
1748 317 1841 350 Quic-

1005 363 1078 401 quid
1090 370 1135 392 ρετ
1146 364 1226 402 quod
1235 363 1342 393 bonum
1353 364 1406 402 sit,
1420 364 1453 393 id
1463 365 1661 403 expetendum
1675 366 1719 392 est
1731 373 1740 390 .-
1763 361 1845 400 quod

1005 408 1107 435 autem
1122 407 1335 445 expetendum,
1350 407 1383 436 id
1397 411 1478 436 certe
1493 406 1719 445 approbandum
1729 415 1738 432 .·
1762 404 1843 443 quod

1005 449 1074 477 υενὸ
1087 449 1276 487 approbaris,
1297 449 1331 478 id
1349 458 1476 490 gratum
1500 454 1713 488 acceptumque
1729 447 1844 476 haben·

1008 492 1077 521 dum
1088 502 1096 518 .-
1136 502 1209 532 ergo
1238 492 1330 521 etiam
1362 492 1500 533 dignitas
1536 493 1563 521 ez'
1590 491 1748 522 tribuenda
1778 494 1822 519 est
1833 501 1843 517 .-

1007 535 1088 573 quod
1101 534 1128 563 si
1141 534 1189 564 ita
1205 539 1262 573 est,
1280 534 1432 565 laudabile
1447 536 1487 564 sit
1503 544 1619 564 necesse
1643 538 1688 565 est
1701 546 1710 562 .·
1735 534 1842 563 bonum

1007 578 1106 618 igitur
1121 588 1206 607 omne
1220 578 1386 608 laudabile.
1431 579 1483 607 Ex
1495 588 1551 620 quo
1562 577 1704 615 efficitur,
1717 580 1751 606 ut
1764 576 1845 615 quod

1006 621 1049 649 sit
1075 620 1244 659 honestum,
1266 622 1300 650 z‘cl
1325 622 1365 650 sit
1393 621 1488 650 salum
1517 621 1634 651 honum.
1678 619 1721 649 Et
1745 622 1774 649 1.
1803 620 1844 649 de

1009 663 1133 693 Natura
1161 664 1324 702 Deorum,
1346 663 1373 693 si
1398 664 1456 693 Dii
1482 667 1567 700 sunt,
1601 664 1680 692 beati
1703 667 1794 692 sunt:
1818 662 1846 691 si

1009 707 1105 744 beati,
1138 707 1251 736 ‘virtute
1275 707 1421 746 praediti:
1457 707 1483 736 si
1508 707 1641 744 virtutis,
1665 708 1687 743 ὃς
1718 706 1846 735 rationis

1009 753 1098 779 erunt
1126 760 1274 788 capaces.-
1316 751 1400 780 unde
1427 749 1630 779 concluditur
1655 749 1732 787 illic,
1756 749 1844 778 Deos

1011 802 1077 822 esse
1102 792 1287 823 hominibus
1311 794 1449 823 similes:
1474 793 1561 832 quod
1584 792 1704 822 ibidem
1731 791 1845 822 refellit

1012 836 1152 866 Tullius.
1201 836 1244 866 Et
1258 837 1342 866 certe
1368 837 1491 866 norunt
1505 845 1619 866 ornnes
1636 835 1763 865 Soriten
1779 844 1843 864 non

1014 886 1080 908 tam
1095 888 1162 908 esse
1177 880 1489 918 argumentationem
1504 879 1696 919 legitimam,
1714 882 1844 916 rectam,

1015 928 1148 959 certam,
1173 923 1273 961 quarn
1287 923 1457 963 argutiam,
1475 924 1502 952 ἅ-
1519 922 1768 953 cavillationem.

889 1893 1088 1914 ΙΙ
