1948 3281
627 74 956 122 'JUVENALIS
987 76 1200 120 SATIRA
1227 78 1283 119 V.

115 156 228 210 Zana
245 166 323 223 pati
343 182 354 208 t
387 167 435 208 de
457 166 625 209 conviva
642 168 871 223 Corybanta
893 167 1057 209 videbis.

114 225 255 281 „Iurgia
277 224 519 279 proludunt3
554 225 619 265 scd
643 239 738 266 mox
761 225 800 266 &
820 225 962 279 pocula
984 235 1144 280 torques

116 280 286 322 Saucius
309 281 348 321 &
368 281 484 321 rubra
504 281 680 336 deterges
700 281 863 322 vulnera
882 281 1057 336 mapp513

117 337 227 378 Inter
246 352 317 378 vos
339 337 511 392 quoties,
534 337 847 392 libertorumque
868 339 1077 380 cohortem

116 394 257 449 Pugna
277 394 502 448 Saguntina
518 394 638 435 fervet
656 393 871 435 commissa
889 393 1044 450 lagena.

114 450 208 503 Ipse
224 449 408 504 capillato
426 450 616 491 diffusum
636 450 802 491 consule
823 460 948 504 potat,

116 506 406 561 Calcatamque
427 516 535 548 tenct
553 507 663 547 bellis
686 506 901 548 socialibus
925 522 1058 557 uvam,

115 562 312 604 Cardiaco
335 578 545 618 nunquam
568 564 758 617 cyathum
778 563 972 604 missurus
993 564 1140 604 amieo.

114 618 215 659 Cras
239 618 346 660 bibet
366 619 536 661 Albanis
557 619 707 674 aliquid
729 620 777 660 dc
795 620 1022 671 montibus,
1052 628 1121 661 aut
1141 620 1189 660 de

114 674 280 727 Setinis,
312 675 428 731 cujus
450 676 632 730 patriam,
664 675 909 731 titulumque
932 686 1114 717 senectus

1747 78 1795 123 71

1230 166 1279 206 25
1297 168 1366 195 luna
1393 169 1505 195 recuset
1537 166 1702 195 admittere.
1746 167 1798 196 Et

1297 210 1437 246 epulante
1463 218 1564 237 cernes
1591 209 1797 245 Corybantem.

1298 250 1386 279 Ram·
1417 255 1560 289 praeeuut.
1615 251 1658 280 At
1694 253 1797 280 statim

1298 293 1471 322 vulneratus
1495 295 1516 330 ῖς
1546 292 1670 332 projicis
1693 294 1798 322 calices

1299 337 1320 373 ξς
1354 335 1467 375 plagas
1501 335 1647 374 abstergis
1679 335 1800 363 mantili

1297 381 1464 413 cruentato,
1486 378 1722 415 quotiescumque
1738 387 1800 406 cer-

1299 425 1395 449 tamen
1409 420 1537 449 ardescit
1556 422 1663 458 poculo
1677 421 1799 459 Sagun-

1230 451 1286 492 30
1300 462 1362 491 tino
1389 466 1561 491 commotum
1587 462 1666 490 inter
1691 472 1752 498 vas,
1775 464 1798 500 ‹3-

1298 509 1447 534 catervam
1464 504 1645 534 libertorum.
1680 503 1736 532 Ille
1748 515 1798 533 ve-

1300 548 1332 576 ῐὸ
1347 547 1458 576 vinum
1476 547 1547 576 bibit
1562 547 1691 582 intusum
1709 547 1799 576 crini-

1298 590 1337 617 tis·
1355 589 1538 627 Conw'ibus,
1561 591 1583 627 t}-
1603 592 1701 618 servat
1717 598 1799 618 race-

1297 641 1372 660 mum
1402 631 1481 660 bello*
1505 631 1610 661 sociali
1638 640 1799 668 pvessum,·

1298 683 1334 702 ue
1358 674 1486 711 quidem
1513 674 1650 713 scyphum
1671 684 1800 712 unquam

1297 720 1487 753 porrecturus
1487 716 1644 753 familiari
1653 717 1739 745 corde
1749 716 1800 744 do-

113 753 198 785 lenti.
242 755 352 786 Altera
369 756 417 785 die
427 754 548 794 potabit
565 755 706 794 quiddam
723 754 738 783 ἑ
753 755 879 785 collibus
890 755 1030 793 Albanis,
1053 755 1101 786 vel
1116 755 1236 794 Setinis,
1259 757 1347 795 cujus
1361 760 1463 788 natale
1474 758 1568 788 solum
1583 767 1619 787 ac
1634 759 1803 797 inscriptio-

113 806 179 826 nem
193 797 366 828 obliteravit

108 904 212 942 aliter,
233 905 286 935 lib.
303 906 332 935 2.
356 906 395 936 (le
411 906 455 936 Re
474 906 564 936 Rust.
589 915 658 944 cap.
676 906 812 935 ultimo:
858 906 933 936 Ton-

111 957 190 976 suroe
211 951 325 986 tempus
345 948 424 978 inter
437 948 641 986 aequinnctium
657 957 775 978 vernum
791 950 813 986 35
837 948 934 978 solsti-

113 989 201 1027 tium,
233 990 350 1029 inquit,
379 991 444 1020 cum
468 992 576 1020 sudare
601 991 777 1029 inceperunt
803 1000 892 1026 ores;
915 993 934 1021 a*

112 1041 172 1069 quo
194 1033 299 1062 sudore
322 1043 420 1063 recens
435 1035 505 1063 lana
523 1037 609 1063 tonsa
624 1034 746 1063 succida
768 1037 812 1062 est
834 1036 936 1073 appel-

113 1073 192 1105 lata.

159 1116 247 1150 Quod
258 1118 379 1148 succida
395 1120 469 1149 nolit
486 1120 556 1148 lana
568 1118 654 1157 pati]
689 1118 770 1148 Tam
788 1127 936 1156 crassum,

113 1164 153 1190 ut
169 1159 243 1190 lana
256 1161 310 1190 vix
324 1161 402 1191 illud
418 1162 558 1191 imbibat.
604 1162 667 1190 Vel
684 1167 746 1190 tam
762 1162 835 1198 vile,
852 1162 936 1197 quod

114 1203 170 1231 ¹trix
187 1202 342 1233 idoneum
359 1205 397 1234 ad
413 1204 622 1234 imbuendam
639 1213 675 1232 ac
701 1204 935 1242 praeparandam

112 1244 234 1283 lanam,
259 1255 324 1284 quo
342 1247 453 1276 melius
478 1247 607 1285 recipiat
627 1246 769 1275 alienum
786 1246 934 1284 colorem,

114 1295 143 1315 v.
159 1297 190 1326 g.
215 1297 425 1327 purpureum.
470 1289 570 1318 Varro
586 1289 656 1317 loco
672 1298 749 1317 mox
764 1289 817 1317 cit.
860 1289 933 1318 Ton-

113 1339 164 1358 «as
176 1335 309 1360 recenter
321 1332 420 1360 eodem
433 1332 481 1361 die
488 1334 661 1370 perungunt
673 1331 751 1368 vino,
767 1331 826 1359 &e
868 1331 936 1361 Ad-

114 1371 285 1409 stipulatur
298 1374 326 1402 &
345 1373 551 1404 Dioscorides.

156 1415 208 1443 25.
244 1414 294 1444 De
311 1416 434 1446 conviva
453 1416 622 1455 Corybanta
636 1415 759 1454 videbis]
796 1415 844 1445 Eo
859 1416 935 1446 vino

119 1465 210 1486 mens
225 1458 380 1496 turbatur,
404 1460 432 1488 &
448 1459 576 1496 insanit,
597 1458 702 1497 sitque
716 1458 825 1488 similis
840 1457 933 1497 Cory-

113 1498 233 1529 bantum
250 1499 383 1539 Cybeles
409 1501 628 1538 Sacerdotum,
654 1501 711 1539 qui
740 1501 845 1530 furore
870 1511 935 1531 cor-

118 1542 201 1580 repti
216 1549 312 1580 caput
330 1544 465 1581 jactant,
489 1543 615 1581 saltant,
637 1543 781 1582 aliosque
795 1543 829 1572 in
844 1544 933 1574 simi-

113 1583 180 1612 iem
197 1591 296 1622 agunt
311 1586 477 1616 insaniam.

158 1625 346 1665 Corybanta]
370 1628 551 1667 Corybantes
566 1628 652 1666 dicti,
668 1629 719 1658 vel
734 1629 773 1658 ab
789 1638 825 1658 ea
837 1638 935 1667 quam

114 1674 238 1706 gestant
254 1669 356 1707 galet,
370 1680 440 1709 quae
458 1671 564 1700 Graece
576 1669 653 1709 κόρυς
665 1681 674 1708 3
690 1671 738 1700 vel
749 1672 767 1700 ὲ
778 1670 935 1710 :optim-m,

115 1710 149 1739 id
178 1718 235 1749 est,
258 1712 369 1750 impetu
387 1713 479 1750 ferri,
504 1712 658 1749 &furere,
682 1713 765 1751 apud
780 1714 933 1752 Apollon.

116 1752 292 1784 &Theocn
336 1753 473 1787 Quidam
498 1755 637 1784 derivant
660 1756 699 1783 ab
722 1755 870 1784 oculorum
881 1766 938 1794 pu-

109 1794 208 1834 pillis,
225 1806 303 1836 quas
327 1797 429 1827 Graeci
462 1796 544 1837 zelfae
568 1804 695 1834 vocant,
719 1798 757 1826 eo
781 1798 868 1836 quod
895 1799 940 1828 illi

116 1840 230 1875 apertis
243 1849 366 1877 semper
381 1849 416 1869 oc
423 1840 479 1869 ulis
495 1841 590 1869 etiam
608 1840 688 1869 inter
702 1840 937 1877 dormiendum,

116 1879 232 1911 Jovem
246 1881 402 1912 infantem
414 1882 643 1912 custodierunt.
689 1881 768 1915 Quae
781 1888 937 1921 postrema

118 1925 275 1953 sententia
287 1926 392 1954 minus
404 1925 524 1955 arridet.

156 1966 210 1995 26.
233 1966 294 1996 Sed
314 1965 397 2008 mox]
417 1967 489 1997 Post
511 1965 647 1997 convitia
672 1966 847 1997 succedunt
871 1978 935 1998 ver-

117 2005 198 2037 bera.

158 2049 273 2080 Pocula
297 2055 425 2092 torques,
450 2054 513 2093 450]
552 2053 710 2084 Nimirum
737 2053 770 2083 in
799 2052 935 2083 famulos

114 2093 311 2130 petulantes,
327 2104 408 2133 quos
435 2106 600 2133 percussus
623 2097 803 2135 repercutis.
848 2097 934 2126 Tan-

117 2133 257 2173 demque
284 2146 370 2165 more
385 2138 590 2168 Barbarorum
607 2139 757 2177 utrinque
773 2146 934 2178 pugnatur

115 2177 242 2215 scyphis
256 2179 289 2207 in
303 2188 398 2209 usum
414 2180 529 2210 laetitiae
544 2181 713 2210 dumtaxat
728 2181 830 2220 natis,
847 2182 934 2220 quod

116 2218 248 2249 damnat
262 2220 374 2251 Horat.
387 2222 440 2251 lib.
459 2225 486 2251 1.
510 2222 581 2251 Ode
595 2223 647 2252 27.

157 2262 207 2291 27.
234 2261 355 2303 Rubra]
376 2263 492 2294 Tincta
508 2266 659 2303 sanguine
673 2264 690 2293 ὲ
707 2265 808 2305 plaga.

156 2303 210 2333 28.
232 2304 317 2334 Inter
332 2306 394 2344 vos]
408 2307 553 2336 Assec'vas
569 2308 596 2336 Sc
610 2308 739 2336 clientes
755 2309 911 2345 parasitos

160 2345 346 2378 Libertorum
373 2348 532 2386 cohortem]
565 2353 676 2388 Atque
704 2350 785 2378 inter
808 2351 934 2380 libertos

117 2388 238 2418 domini
253 2399 309 2420 seu
325 2391 448 2421 Patroni
465 2401 591 2420 coeuam
616 2392 805 2421 exhibentis.
853 2395 934 2432 Ergo

116 2439 184 2460 non
208 2441 282 2462 cum
306 2434 375 2472 ipso
397 2434 541 2471 domino,
563 2434 615 2462 sed
630 2443 705 2463 cum
722 2435 790 2471 ejus
806 2435 933 2464 famulis

115 2472 155 2502 ad
191 2474 266 2503 viles
300 2476 410 2515 epulas
448 2476 599 2505 admissus
632 2475 778 2506 Trebius.
823 2476 934 2510 Qualis

114 2515 223 2553 itaque
239 2518 350 2548 coena?

158 2559 210 2587 29.
232 2558 402 2600 Saguntina
423 2560 550 2601 lagena]
572 2561 642 2591 Aut
656 2562 730 2592 vino
746 2563 880 2599 pessimo
894 2573 936 2592 ex

117 2600 196 2638 agris
218 2601 399 2640 Saguntinis
414 2616 420 2632 :
446 2604 550 2633 Vetus
568 2604 673 2633 Schol.
698 2605 747 2633 vel
764 2604 866 2642 potius
880 2605 937 2634 fic-

116 2642 176 2678 tili,
193 2651 234 2671 ex
263 2645 320 2673 ista
342 2645 505 2684 Hispaniae
522 2647 623 2684 urbe3
648 2647 687 2676 de
703 2656 768 2684 quo
786 2647 863 2675 Plin.
882 2647 936 2677 lib.

115 2684 167 2713 35.
187 2688 320 2723 cap 12.
342 2687 384 2716 Et
396 2688 530 2718 Martial.
556 2689 608 2717 lib.
627 2690 675 2718 14.
700 2688 806 2728 Epigr.
822 2689 891 2718 108.

201 2726 290 2756 Sume
301 2728 470 2769 Saguntino
480 2731 674 2769 poculaficta
691 2730 765 2760 Iulo.

114 2768 208 2798 Porro
220 2769 371 2810 Saguntus
382 2773 537 2811 oppidum
551 2779 595 2802 est
610 2775 642 2802 in
657 2773 765 2810 Regno
777 2774 934 2803 Valentiae

115 2811 222 2848 hodie,
239 2812 407 2844 Momedre.
451 2815 620 2854 Saguntina
635 2815 738 2853 fames
764 2817 797 2845 in
811 2816 935 2845 Prover-

115 2853 210 2882 bium
225 2855 313 2892 abiit,
330 2865 370 2884 ex
388 2866 453 2894 quo
470 2858 638 2896 Saguntini
655 2867 709 2895 per
724 2865 796 2887 octo
812 2868 935 2888 menses

117 2896 234 2925 obsessi
262 2904 406 2927 extrema
435 2900 513 2929 ferre
544 2901 739 2937 maluerunt,
775 2900 873 2939 quam
903 2910 936 2930 se

117 2939 269 3009 ssnnibali
300 2940 421 2969 dedere.
464 2942 529 2972 Tit.
552 2942 624 2972 Liv.
657 2943 710 2973 lib.
729 2944 780 2972 2-1.
815 2952 884 2981 cap.
901 2943 930 2973 6.

138 2990 143 2996 ’
163 2989 195 3008 se
222 3002 227 3008 .

159 2990 217 3052 &Oq
233 3023 301 3063 Ipse
326 3025 485 3065 capillato,
522 3027 587 3065 230]
631 3027 754 3059 Interea
784 3027 937 3060 Patronus

977 915 1164 946 generosum
1200 907 1281 937 bibit
1313 918 1348 938 ac
1383 909 1505 939 salubre
1536 910 1670 939 vinum:
1708 914 1798 940 vetus

978 948 1105 987 nempe,
1131 951 1158 979 ἃ
1174 951 1297 988 optimo
1312 952 1377 981 solo
1394 957 1591 988 generatum.

1019 991 1171 1030 Capillato
1188 991 1328 1030 Consule]
1363 993 1452 1024 Dum
1480 993 1613 1023 Romani
1644 993 1799 1023 Consules

977 1041 1065 1063 erant
1077 1034 1180 1064 adhuc
1197 1035 1324 1072 intonsi,
1339 1046 1531 1075 comamque
1546 1037 1680 1066 alebant.
1718 1036 1798 1066 Vide

978 1076 1043 1106 Sat.
1061 1078 1093 1106 4.
1118 1087 1145 1105 v.
1169 1078 1238 1107 103.
1262 1078 1300 1107 ad
1316 1088 1386 1108 earn
1399 1089 1524 1115 vocem,
1540 1077 1685 1108 Barbato.

1021 1119 1189 1157 Diffusum]
1214 1119 1250 1149 ln
1267 1122 1354 1149 serias
1369 1131 1405 1150 ac
1420 1131 1488 1150 vasa
1505 1121 1657 1150 infusumv

1020 1163 1072 1191 31.
1099 1161 1314 1200 Calcatamque
1330 1167 1408 1192 tenet
1425 1163 1512 1193 bellis
1526 1163 1684 1192 socialibus
1700 1165 1799 1203 uvam]

979 1204 1028 1234 Eo
1043 1210 1186 1242 tempore
1202 1215 1268 1244 quo
1281 1209 1369 1235 Sext.
1381 1206 1488 1236 Julius
1501 1206 1605 1236 Caesar
1621 1207 1647 1235 δι
1665 1206 1713 1235 Μ.
1729 1207 1799 1235 Phi-

978 1247 1084 1285 lippus
1115 1247 1270 1277 Consules
1301 1253 1399 1285 erant,
1434 1258 1520 1278 anno
1548 1248 1640 1277 Urbis
1667 1250 1799 1279 condita:

979 1289 1041 1319 663
1108 1290 1192 1318 Sunt
1222 1290 1278 1328 qui
1305 1291 1514 1328 Opimianum
1542 1291 1655 1320 vinum
1687 1292 1803 1321 intelli-

978 1338 1066 1370 gant,
1089 1332 1206 1361 scilicet
1232 1342 1418 1370 expressum
1445 1343 1529 1363 anno
1552 1332 1643 1361 Urbis
1664 1333 1798 1363 condite

979 1373 1052 1403 683.
1075 1375 1114 1404 de
1141 1384 1206 1412 quo
1236 1374 1316 1404 Plin.
1345 1375 1399 1403 lib.
1430 1376 1478 1404 14.
1502 1385 1572 1412 cap.
1589 1376 1616 1403 4.
1641 1375 1668 1403 δε
1698 1378 1745 1405 14.
1770 1376 1800 1406 δε

979 1415 1045 1446 Cic.
1068 1417 1098 1445 in
1111 1417 1207 1446 Bruto
1231 1426 1260 1446 n.
1283 1419 1352 1446 157.
1403 1415 1443 1445 Ut
1467 1418 1494 1446 si
1518 1417 1583 1455 quis
1598 1416 1725 1446 Falerno
1748 1419 1800 1447 de-

978 1457 1116 1496 lectetur,
1139 1460 1256 1498 inquit,
1279 1460 1331 1488 secl
1345 1469 1376 1488 eo
1393 1469 1446 1489 nec
1469 1460 1514 1489 ita
1541 1469 1625 1496 nove,
1648 1463 1681 1488 ut
1697 1461 1800 1498 proxi-

979 1502 1034 1530 mis
1050 1501 1226 1531 Consulibus
1244 1507 1346 1530 uatum.
1361 1502 1434 1531 velit
1447 1513 1460 1535 ,·
1482 1512 1534 1531 uec
1559 1502 1661 1531 rursus
1683 1503 1727 1531 ita
1752 1513 1799 1532 ve-

978 1547 1051 1581 tere,
1067 1549 1101 1574 ut
1116 1544 1263 1582 Opimium
1280 1549 1334 1573 aut
1345 1544 1483 1573 Anicium
1498 1544 1642 1573 Consules
1657 1545 1801 1583 requirat.

978 1587 1075 1622 Atqui
1086 1587 1128 1616 hoe
1144 1591 1221 1616 nota>
1235 1592 1303 1616 sunt
1319 1587 1446 1626 optimae,
1469 1588 1566 1625 credo,
1592 1588 1648 1616 dte.

1021 1629 1120 1658 Bellis
1132 1629 1306 1668 socialibus]
1334 1631 1381 1658 De
1398 1630 1445 1659 his
1457 1630 1527 1659 virle
1541 1630 1620 1659 Luc.
1639 1629 1719 1659 Flor.
1744 1631 1798 1660 lib.

979 1673 1010 1701 3.
1033 1682 1102 1709 cap.
1120 1672 1166 1702 18.
1193 1674 1221 1702 δε
1237 1673 1368 1711 Ρτᾱεοεά,
1391 1671 1457 1701 Tit.
1481 1672 1550 1702 Liv.
1568 1672 1621 1701 lib.
1642 1674 1690 1701 71.
1734 1673 1799 1703 Sci-

982 1714 1056 1744 licet
1073 1715 1178 1744 Latini
1193 1724 1317 1752 omnes,
1340 1715 1458 1753 aliique
1475 1714 1571 1744 Italiae
1590 1715 1713 1754 populi,
1736 1716 1799 1745 ini·

982 1766 1048 1795 quo
1076 1757 1209 1786 ferentes
1231 1758 1350 1794 animo,
1387 1757 1472 1796 quod
1500 1767 1635 1787 onerum
1673 1758 1800 1796 Imperii

981 1800 1260 1838 periculorumque
1275 1801 1348 1829 sane
1367 1800 1530 1837 participes
1546 1805 1661 1837 essent,
1684 1806 1716 1829 at
1732 1810 1798 1831 non

981 1841 1058 1870 item
1077 1851 1246 1870 muncrum
1262 1848 1359 1880 atque
1382 1842 1521 1879 honoris,
1549 1842 1566 1870 ὲ
1582 1842 1672 1871 Livio
1696 1842 1801 1872 Druso

981 1884 1108 1923 insuper
1123 1893 1178 1922 spe
1192 1885 1325 1913 civitatis
1340 1884 1433 1921 elusi,
1457 1884 1543 1921 quod
1562 1885 1634 1920 jure
1658 1893 1690 1913 se
1714 1884 1797 1913 frus-

981 1926 1025 1954 tra
1055 1932 1160 1964 petere
1191 1927 1423 1965 intelligebant,
1463 1926 1554 1954 armis
1584 1926 1614 1953 id
1644 1928 1797 1964 consequi

978 1968 1153 1998 tentarunt.
1198 1968 1284 1998 Hinc
1299 1970 1380 2007 ipsos
1393 1968 1549 1997 Consules
1562 1969 1707 2006 aggressi,
1723 1969 1797 1999 curn

977 2011 1059 2040 nihil
1086 2011 1283 2050 proficerent,
1321 2011 1404 2040 vario
1431 2016 1542 2039 tamen
1572 2015 1687 2039 eventu
1716 2021 1797 2049 pug-

978 2060 1101 2090 nantes,
1125 2063 1190 2083 non
1214 2054 1321 2091 parum
1347 2053 1508 2082 Romanos
1532 2051 1715 2091 fatigarunt,
1741 2063 1798 2091 per

977 2105 1076 2126 annos
1093 2096 1156 2126 fere
1173 2101 1318 2134 quatuor.
1364 2095 1479 2123 Sociale
1495 2094 1603 2123 bellum
1618 2095 1691 2123 alias
1708 2095 1799 2124 Mar-

977 2139 1066 2168 sicum
1091 2139 1281 2177 appellatur,
1316 2148 1353 2167 eo
1381 2137 1467 2176 quod
1502 2137 1596 2166 Marsi
1627 2143 1799 2168 moverunt

976 2181 1055 2211 illud
1071 2181 1174 2220 primi.
1222 2180 1302 2209 Vide
1319 2181 1459 2218 Appian.
1485 2179 1538 2208 lib.
1558 2182 1585 2208 1.
1618 2180 1686 2208 ssel.
1704 2180 1796 2210 Civil.

977 2223 1110 2262 Eutrop.
1132 2224 1185 2253 lib.
1202 2224 1230 2252 5.
1258 2223 1418 2253 Plutarch.
1441 2222 1473 2251 in
1496 2221 1589 2260 Sylla.
1635 2221 1724 2251 Oros.
1742 2222 1797 2252 lib.

978 2267 995 2294 5
1026 2275 1097 2304 cap.
1122 2266 1167 2295 18.

1018 2309 1068 2337 532.
1094 2308 1257 2347 cardiaco]
1281 2309 1355 2345 Cor,
1379 2306 1486 2338 Graece
1509 2304 1619 2346 ιαςδία.
1669 2305 1798 2335 Cardia-

976 2360 1074 2380 corum
1089 2351 1186 2380 morbo
1196 2361 1275 2390 spem
1287 2351 1405 2380 unicam
1419 2352 1449 2379 in
1464 2352 1530 2380 vino
1545 2359 1602 2378 esse
1615 2352 1727 2377 certum
1738 2353 1797 2388 est,

976 2394 1094 2432 inquit,
1119 2393 1198 2423 Plin.
1215 2395 1268 2423 lib.
1285 2395 1337 2423 2-3.
1360 2403 1429 2431 cap.
1447 2395 1473 2421 1.

1017 2435 1182 2474 Nunquam
1208 2435 1348 2474 cyathum
1375 2436 1516 2464 missurus
1540 2433 1648 2470 amico]
1672 2433 1798 2471 Optimi

976 2479 1068 2516 porro
1084 2479 1168 2508 illius
1196 2479 1261 2508 vini
1286 2479 1448 2507 tantillum
1479 2477 1551 2506 dare
1577 2476 1678 2504 nollet
1692 2477 1796 2507 amico

979 2521 1072 2550 etiam
1091 2521 1254 2557 laboranti,
1278 2529 1319 2549 ne
1334 2520 1463 2557 quidem
1481 2524 1639 2556 qnantum
1654 2520 1796 2549 continet

979 2564 1122 2601 cyathus,
1147 2572 1199 2591 vas
1227 2562 1406 2601 parvulum.
1450 2561 1544 2590 Adeo
1567 2560 1626 2590 sibi
1642 2560 1698 2589 uni
1711 2561 1803 2594 clives

978 2606 1124 2635 consulit.

1020 2649 1072 2677 33.
1111 2646 1255 2684 Albanis]
1293 2647 1345 2676 De
1380 2645 1462 2675 Alba
1495 2646 1623 2675 civitate
1657 2645 1800 2676 diximus

980 2690 1070 2719 Satis.
1095 2693 1124 2719 4.
1151 2700 1211 2718 ver.
1242 2689 1294 2717 61.
1349 2689 1515 2717 Albanum
1550 2693 1657 2717 autem
1684 2688 1798 2718 vinum

979 2733 1077 2770 quam
1108 2738 1186 2761 esset
1216 2731 1333 2768 nobile,
1364 2730 1484 2759 disserit
1508 2730 1626 2759 Plinius
1661 2730 1713 2759 lib.
1749 2732 1799 2759 14.

979 2783 1048 2813 cap.
1064 2776 1092 2803 ⁶2.
1111 2775 1138 2802 Sc
1155 2775 1185 2803 6.
1219 2773 1304 2802 testis
1329 2773 1357 2802 Sc
1380 2772 1532 2802 Martialis
1570 2772 1625 2802 lib.
1644 2773 1694 2801 13.
1718 2771 1798 2811 Epi-

977 2826 1073 2855 gram.
1104 2816 1174 2846 109.

1021 2862 1073 2887 54.
1095 2857 1222 2895 Setinis]
1259 2858 1342 2887 Setia
1360 2858 1432 2887 urbs
1449 2857 1633 2895 Campaniae
1648 2856 1798 2885 Romanae

979 2901 1074 2929 hodie
1087 2901 1185 2938 Sezze,
1208 2901 1241 2929 in
1256 2901 1337 2929 colle
1352 2900 1419 2937 sita,
1444 2909 1508 2929 non
1525 2899 1633 2936 procul
1648 2898 1665 2926 ὲ
1681 2898 1796 2936 Pomp-

979 2944 1050 2971 tinis
1067 2943 1243 2980 paludibus.
1288 2942 1392 2971 Setina
1414 2943 1488 2971 vina
1508 2942 1650 2970 ciborum
1676 2940 1796 2969 coctio-

981 2995 1069 3022 nem,
1093 2985 1279 3019 accelerant,
1302 2991 1381 3014 teste
1407 2985 1508 3013 Plinio
1540 2983 1592 3012 lib.
1611 2983 1664 3011 22.
1686 2992 1755 3020 cap.
1774 2984 1804 3014 1.

983 3028 1067 3058 Hinc
1081 3028 1146 3057 aliis
1163 3028 1290 3067 praelata
1304 3028 1343 3057 ab
1364 3028 1516 3065 Augusto
1539 3034 1574 3055 ac
1597 3025 1805 3065 primoribus-
