1934 3227
668 527 1226 580 TESTIMONIA

178 664 821 748 VETERUM
879 663 1723 754 SCRIPTORUM

694 836 814 898 DE
865 835 1201 902 PERSIO.

384 1162 449 1200 M.
464 1161 571 1202 Fabii
592 1162 821 1209 Quintiliani
839 1161 904 1201 lib.
928 1167 988 1200 10.
1008 1161 1184 1200 Instant.
1205 1163 1359 1201 Orator.
1377 1175 1459 1216 capa
1484 1171 1518 1203 1.

177 1215 526 1314 MULTUM
566 1241 608 1286 δε
646 1253 770 1286 vcrae
796 1237 966 1301 gloriae
1004 1237 1226 1301 quamvis
1253 1255 1352 1287 um>
1385 1239 1510 1288 libro
1535 1239 1725 1288 Persius

174 1315 367 1355 meruit.

724 1437 789 1475 M.
810 1436 947 1475 Valerii
964 1435 1178 1475 Inar-ciali&-

367 1521 549 1586 Saepius
575 1522 624 1568 in
651 1521 775 1569 libro
801 1530 1101 1570 memoratur
1126 1520 1316 1569 Persius
1343 1538 1457 1577 uno,

436 1587 603 1646 Quam
629 1589 750 1637 levis
773 1589 824 1636 in
849 1598 957 1637 tota
978 1587 1172 1636 Marsus
1199 1587 1513 1639 Amasonide.

545 1720 609 1758 Eae
628 1720 839 1759 Eusebium
860 1720 1043 1759 Chronico
1062 1720 1102 1758 S.
1124 1720 1362 1770 Hieronymi.

242 1804 418 1869 Imper.
446 1805 657 1864 Tiberio,
691 1806 974 1870 Olympiad.
1006 1812 1116 1854 203.
1146 1805 1335 1853 Persius
1363 1806 1564 1854 Flaccus
1586 1806 1726 1871 Saty-

177 1869 305 1919 ricus
334 1872 487 1920 Poeta
512 1872 780 1920 Volaterris
806 1873 1039 1920 nascitur.

242 1938 535 2002 Olympiade
559 1945 671 1986 210.
697 1938 918 1993 moritur,
951 1955 1082 1985 anno
1108 1936 1262 1984 aetatis
1287 1953 1386 1984 suae
1410 1943 1492 1991 29.

241 2003 534 2067 Olympiade
553 2011 664 2052 5211.
684 2004 819 2051 Nero
843 2004 1124 2053 Cornutum
1146 2002 1495 2068 Philosophum
1515 2020 1725 2069 praecep-

177 2076 332 2116 torem
359 2069 512 2117 Persii
537 2070 587 2116 in
610 2070 815 2118 exilium
840 2070 997 2134 fugat.

536 2201 578 2240 S.
597 2202 807 2254 Augu-stin.
827 2202 916 2241 Lib.
935 2201 980 2241 de
999 2202 1210 2255 Magistro.
1229 2214 1312 2253 cap.
1329 2207 1370 2247 9.

242 2288 433 2337 Persius
459 2290 688 2338 omnibus
710 2291 876 2356 poenis,
903 2308 1022 2355 quas
1045 2290 1389 2355 Tyrannorum
1419 2290 1493 2336 vel
1521 2288 1727 2337 crudeli-

177 2360 249 2402 tas
273 2356 598 2420 excogitavit,
640 2359 717 2406 vel
753 2357 996 2422 cupiditas
1022 2357 1207 2423 pendit,
1248 2357 1376 2403 hanc
1412 2372 1556 2403 unam
1592 2365 1727 2403 ante-

176 2422 332 2484 ponit,
360 2424 459 2487 qua
484 2423 769 2472 cruciantur
787 2424 1022 2487 homines,
1053 2424 1138 2491 qui
1160 2423 1294 2480 vitia,
1328 2440 1436 2485 quae
1459 2422 1609 2468 vitare
1628 2438 1728 2469 non

177 2500 395 2549 possunt,
440 2499 691 2554 coguntur
726 2507 991 2554 agnoscere
997 2522 1128 2536 ........
1135 2487 1270 2545 Quia
1306 2489 1539 2536 virtutem
1570 2487 1732 2533 videre

178 2566 270 2598 nec
296 2564 471 2615 tenere,
498 2557 790 2622 supplicium
811 2565 885 2605 est
905 2575 916 2607 2
959 2551 1092 2620 quod
1112 2550 1242 2603 idem
1261 2554 1340 2603 ille
1359 2554 1607 2619 Satyricus
1629 2552 1730 2616 Ty-

177 2619 354 2679 rannis,
385 2631 442 2669 ut
467 2624 750 2686 puniantur,
784 2622 992 2689 optavit·
