1948 3281
704 114 891 158 PERSII
924 112 1142 157 SATIRA
1172 111 1230 157 V.

1744 115 1824 157 341

89 201 204 245 Hinc
227 204 398 261 grandes
422 204 531 248 Galli
549 221 562 258 3
604 204 644 248 &
666 219 764 248 cum
787 191 906 247 sistro
928 203 1042 246 lusca
1061 202 1260 247 Sacerdos
1306 214 1416 246 deinde
1432 216 1520 246 cam
1534 217 1701 257 ingente„
1724 219 1746 255 {v
1763 218 1822 247 sa-

90 261 306 304 Incussere
328 265 443 306 Deos
467 265 656 306 inflantes
680 277 866 320 corpora,
890 262 923 304 si
947 277 1032 304 non

89 319 338 362 Praedictum
363 332 422 363 ter
442 323 565 364 mane
590 333 710 377 caput
734 320 957 378 gustaveris
977 320 1062 362 alli.

86 375 252 419 Dixeris
274 380 364 420 haec
388 379 493 420 inter
515 379 717 420 varicosos
741 378 1035 428 Centuriones,

1304 261 1406 290 cerdos
1427 261 1523 289 cocles
1544 270 1610 289 cum
1633 261 1820 299 crepitaculo

1304 303 1449 341 injiciunt
1466 309 1615 332 terrorem
1640 303 1820 342 Numinum,

1303 357 1369 386 quae
1380 346 1511 384 faciunt
1528 356 1652 383 corpora
1677 347 1819 376 intumes-

1303 399 1381 428 cere,
1398 390 1455 418 nisi
1469 388 1618 417 matutino
1633 394 1763 427 tempore
1776 394 1821 419 ter

374 438 538 469 comederis
552 442 644 477 caput
659 437 730 467 allii
740 439 960 477 prescriptum.
1005 436 1072 466 Ista
1087 436 1205 476 loquere
1214 435 1298 476 apud
1311 433 1512 464 Centuriones
1525 431 1675 461 varicibus
1689 436 1822 471 notatos,

84 579 136 606 tur
146 587 155 604 :
180 577 232 616 qui
246 578 313 607 cerci
327 578 362 608 οὒ
376 579 502 609 adversa
517 578 586 609 vitae
599 579 722 617 merita,
735 578 830 609 nullis
845 577 930 608 bonis

82 619 215 659 sedibus,
231 622 347 651 incer-td
364 622 543 663 vagatione,
557 633 608 652 seu
624 623 752 662 quodam
767 622 859 652 exilio
869 632 926 661 pu-

82 663 180 700 nitur,
207 665 298 694 inane
328 667 600 696 'erriculame‘nlum
630 666 714 695 bonis
749 664 928 703 hominibus,

83 707 224 736 eaelerzim
242 710 361 738 noxium
376 709 476 747 malis,
493 709 526 739 id
541 719 638 750 genus
655 709 795 748 plerique
808 707 929 739 Larvae

79 748 252 787 perhibent.
300 752 375 782 Cum
397 754 466 782 vero
488 753 636 782 incertum
659 757 717 790 est,
741 762 807 791 quoe
821 753 930 791 cuique

84 801 185 822 eorum
200 794 320 824 sortitio
335 795 480 832 evenerit,
495 798 596 825 utrum
615 794 675 825 Lar
689 795 742 833 sit,
758 805 798 825 an
813 794 929 834 Lana,

85 836 203 867 nomine
213 838 347 868 Manem
373 842 472 868 L'eum
496 843 684 877 nuncupant.
731 838 819 869 Idem
835 839 929 878 Apu-

85 878 167 909 leius
198 881 230 910 in
257 881 417 921 Apologia
441 883 485 911 sic
509 881 627 912 habet:
652 881 741 911 Duat
766 882 822 911 tibi
844 882 930 912 Deus

83 922 187 952 obt-ias
216 925 328 962 species
357 923 551 963 mortuorum,
577 925 722 964 quicquid
749 923 929 955 Umbrarum

85 968 129 994 est
150 975 287 1005 usquam,
307 968 449 1006 ¹uicquid
474 968 648 1007 Lemurum,
661 968 806 1007 quicquid
820 968 929 998 Mant-

85 1017 146 1046 um,
158 1010 303 1048 quicquid
318 1010 504 1049 Larrarum,
519 1013 613 1042 oculis
636 1012 697 1042 tuis
707 1015 848 1053 aggerat,
863 1021 929 1041 om·

84 1051 138 1080 nia
156 1055 288 1083 noctium
303 1054 511 1094 occursacula,
526 1056 626 1085 omniu
649 1055 801 1085 buslorum
813 1054 928 1092 sormi-

85 1094 222 1135 damina‚
237 1097 547 1138 omniasepulcrorum
563 1099 822 1129 terriculamenta.
846 1098 929 1129 Plin.

84 1136 141 1167 lib.
162 1141 191 1170 7.
206 1139 307 1179 Epist.
321 1143 374 1172 27.
388 1142 492 1172 multa
507 1142 600 1172 refert
614 1142 645 1172 id
658 1151 760 1182 genus
771 1148 930 1172 nocturna

85 1181 326 1222 phantasmata,
342 1184 412 1216 turn
429 1185 496 1215 aliis
514 1186 589 1216 cum
603 1185 661 1215 sibi
675 1185 750 1215 visa.
796 1186 858 1216 Hic
873 1196 929 1225 per

86 1223 230 1256 Lemures
241 1227 460 1267 significantur
468 1228 597 1259 Umbrae
605 1234 771 1259 nocturnae
783 1230 810 1258 dt
820 1229 929 1259 Larvae

86 1267 199 1298 domos
220 1270 420 1310 infestantes,
445 1281 518 1311 qua:
543 1272 652 1302 omnia
675 1273 821 1302 noctium
845 1274 931 1302 terri-

86 1311 274 1343 culamenta
291 1315 541 1353 procurabantur
555 1325 613 1346 seu
624 1316 931 1354 averruncabantur,

86 1354 193 1385 fabam
208 1365 308 1387 noctu
320 1358 353 1387 in
367 1358 630 1396 Sacrisjactando
643 1368 653 1397 3
675 1363 810 1388 testatur
820 1358 932 1396 Varro,

86 1397 127 1428 de
143 1398 222 1429 Vita
246 1400 363 1440 Populi
381 1402 532 1440 Romani,
556 1401 611 1431 lib.
630 1405 659 1431 1.
677 1401 732 1431 ubi
747 1401 802 1440 ait,
819 1402 858 1431 In
874 1401 931 1431 Sa-

84 1441 145 1470 cris
156 1441 272 1479 satam
288 1443 416 1482 jactant
439 1449 540 1483 noctu,
563 1447 586 1483 εἷς
610 1445 714 1475 dicunt
735 1454 766 1474 se
789 1444 935 1475 Lemures

86 1485 172 1513 domo
187 1490 277 1516 extra
285 1486 420 1525 januam
434 1489 554 1527 ejicere.

85 1526 132 1557 Et
149 1528 233 1558 Ovid
259 1530 343 1561 Fast.
359 1533 387 1561 5.
405 1531 475 1561 fuse
492 1542 558 1562 rem
582 1531 738 1571 explicat,
761 1532 790 1562 δε
806 1541 930 1562 morem

86 1570 183 1600 illum
199 1574 459 1611 superstitiosum
477 1576 691 1615 persequitur.

128 1613 286 1655 Signaque
301 1617 355 1647 dat
367 1618 474 1659 digitis
486 1619 582 1648 medio
595 1628 662 1647 cum
673 1617 788 1656 pollice
795 1617 932 1658 junctis,

178 1658 329 1689 Occurrat
341 1661 437 1690 tacito
451 1671 487 1690 ne
503 1661 578 1691 levis
591 1662 695 1690 umbra
709 1660 776 1691 sibi.

130 1700 268 1741 Czimque
281 1712 387 1735 manus
395 1704 621 1743 purcfontanci
631 1705 746 1742 perluit
761 1703 858 1743 undti,

180 1744 332 1785 Vertitur,
346 1750 368 1786 ξς
382 1748 488 1788 nigras
502 1748 616 1786 acc-ipit
629 1757 678 1776 ore
687 1747 798 1784 jubas.

131 1787 416 1829 Aversusquejacit
460 1810 469 1821 .
518 1812 525 1820 .
628 1813 635 1820 .
679 1791 784 1820 umbra
802 1794 937 1830 putatur

177 1830 344 1874 Colligere,
361 1835 420 1864 &c-

133 1874 257 1914 Ovoque
272 1877 411 1915 pericula
426 1875 532 1919 rupto]
566 1876 744 1907 Sacerdotes
759 1877 812 1916 qui
827 1875 936 1916 explo-

87 1917 196 1947 randis
216 1920 365 1957 periculis
387 1931 476 1950 sacra
486 1920 665 1958 faciebant,
686 1921 842 1951 observare
857 1920 934 1949 sole-

88 1961 164 1991 bant
175 1971 261 1992 ovum
275 1963 343 2004 igni
353 1963 537 2004 impositum,
552 1968 653 1993 utrum
668 1963 698 1992 in
709 1964 822 2002 capite,
845 1973 886 1992 an
902 1964 934 1993 in

90 2005 186 2033 latere
211 2006 381 2037 desudaret.
428 2008 464 2037 Si
488 2012 590 2036 autem
619 2011 739 2045 ruptum
761 2007 936 2046 effluserat,

84 2048 255 2086 periculum
266 2050 467 2087 portendebat
482 2050 510 2080 ei
520 2061 578 2089 pro
594 2060 652 2089 quo
664 2049 792 2087 factum
808 2051 935 2089 fuerat,

89 2092 140 2119 vel
162 2092 206 2120 rei
217 2092 375 2127 ,familiari
397 2093 474 2132 ejus.
523 2094 602 2123 Haec
625 2100 716 2123 vetus
731 2092 934 2123 Scholiastes.

90 2133 140 2164 At
163 2134 252 2164 aliud
281 2137 516 2174 superstitionis
543 2146 648 2175 genus
673 2137 714 2165 de
740 2136 808 2167 ovis
835 2137 936 2175 ruptis

91 2183 198 2208 narrat
215 2178 348 2216 Plinius,
374 2179 430 2209 lib.
446 2180 502 2209 28.
527 2188 596 2217 cap.
614 2180 646 2209 2.
689 2179 762 2208 Huc
786 2180 935 2218 pertinet,

90 2219 213 2260 inquit,
242 2232 374 2260 ovorum,
400 2226 435 2252 ut
463 2221 633 2252 exorbuerit
661 2223 786 2260 quisque
813 2223 935 2261 calices,

89 2263 338 2304 cochlearumque
376 2265 519 2305 protinus
553 2265 683 2305 frangi,
720 2270 775 2293 aut
818 2266 935 2295 eosdem

92 2305 300 2338 cochlearibus
320 2309 490 2348 perforari.
533 2308 669 2338 Veteres
695 2308 849 2337 nimirum
876 2310 935 2338 ho-

92 2351 218 2381 minem
236 2352 309 2381 laedi
334 2355 491 2391 putabant
514 2361 571 2390 per
587 2351 793 2389 maleficium,
818 2353 843 2380 si
860 2361 934 2381 ovo-

93 2403 166 2424 rum
193 2400 281 2425 testae
305 2405 366 2425 acu
394 2395 643 2435 perforarentur:
682 2394 770 2433 quod
796 2403 838 2424 ne
863 2404 935 2424 eve-

91 2438 188 2475 niret,
213 2448 349 2469 ovorum
375 2439 649 2476 cochlearumque
678 2438 848 2476 putamina
874 2442 935 2468 sta-

92 2481 154 2510 tim
192 2480 383 2522 frangebant
420 2492 456 2511 ac
494 2481 744 2520 pertundebant‚
792 2487 829 2510 ut
869 2491 935 2510 ma-

94 2523 236 2555 leficium
259 2531 456 2565 occuparent
483 2532 581 2563 atque
610 2530 800 2553 averterent.
853 2523 936 2554 Tur-

95 2566 210 2597 nebus.

141 2610 213 2640 186.
234 2610 318 2642 Hinc
328 2612 465 2652 grandes
478 2608 581 2648 Galli]
597 2609 689 2639 Nova
703 2608 829 2648 palloris
844 2619 939 2640 causa

95 2654 296 2693 timorisque.

144 2696 301 2737 Grandes]
336 2699 412 2729 Sive
449 2698 527 2737 quia
563 2695 760 2732 cothurnati,
795 2697 823 2724 <Sc
860 2696 939 2725 hinc

97 2742 277 2781 grandiores
302 2742 472 2779 videntur,
497 2742 563 2770 sive
588 2739 675 2777 quod
704 2738 861 2776 praecipue
887 2748 937 2767 ve-

98 2784 243 2815 nerandi.
290 2784 373 2814 Vide
399 2784 573 2814 Fenestell.
590 2783 629 2810 de
655 2781 816 2811 Sacerdot.
844 2782 935 2811 Rom.

98 2837 170 2866 cap.
202 2829 252 2857 12.
298 2828 365 2857 Alii
391 2829 507 2857 volunt
538 2826 667 2866 grandes
702 2824 868 2862 appellari,
901 2828 939 2853 eo

99 2870 188 2910 quod
217 2872 264 2900 illi
290 2876 406 2909 utpote
432 2872 556 2900 castrati
582 2867 791 2907 grandescant
817 2868 940 2907 potissi-

98 2915 204 2951 mum,
220 2920 257 2943 ut
272 2913 337 2943 fere
351 2913 396 2943 fit.

99 2958 201 2988 Favet
215 2957 384 2987 Juvenalis
401 2957 465 2987 Sat.
485 2956 515 2986 6.
531 2965 560 2985 v.
579 2955 653 2984 512.

328 3000 505 3038 Matrisque
530 2997 632 3028 Deum
656 2995 764 3026 chorus
786 2995 896 3034 intrat,
921 2997 943 3034 ἐς

402 3044 510 3083 ingens

184 3087 324 3125 Semivir,
341 3086 586 3122 obscoenosacies
601 3083 767 3113 reverenda
779 3082 902 3122 minori,

186 3130 301 3161 Mollia
319 3131 371 3169 qui
385 3129 479 3170 rapta
494 3128 589 3159 secuit
602 3125 759 3168 genitalia
776 3126 868 3156 testa.

1019 578 1117 617 Galli]
1147 578 1333 608 Sacerdotes
1358 575 1505 615 Cybeles,
1531 574 1575 603 ita
1596 573 1672 603 dicti
1699 574 1716 602 a
1743 573 1819 603 Gal-

973 622 1004 652 lo
1032 622 1175 660 Phrvgiae
1206 622 1317 658 fluvio,
1351 621 1445 657 cujus
1475 622 1568 657 potus
1598 617 1737 647 furorem
1770 618 1818 646 in-

972 666 1060 695 ducit
1074 674 1178 704 usque
1189 665 1229 694 ad
1242 664 1463 694 exsectionem
1474 661 1626 691 virilium.
1655 661 1818 690 Fenestel.

973 708 1043 738 loco
1074 718 1154 738 mox
1184 708 1294 745 citato,
1328 707 1409 737 Plin.
1434 705 1489 735 lib.
1522 705 1570 734 11.
1600 712 1670 743 cap.
1701 704 1754 734 49.
1787 704 1816 733 ὃς

972 751 1076 781 Varro
1092 751 1178 791 apud
1195 761 1294 790 quem
1304 749 1431 791 gallare
1446 752 1493 778 est
1506 747 1612 778 furere
1627 747 1725 778 instar
1741 745 1820 776 Gal-

972 794 1092 825 lorum.

968 837 1070 868 Ovid.
1088 837 1174 867 fast.
1191 839 1221 867 4.

1056 879 1157 919 Inter,
1171 880 1228 919 ait,
1241 880 1366 910 viridem
1385 878 1522 918 Cybelem
1537 879 1677 917 altasque
1690 876 1783 908 Celen
1791 887 1822 909 as

1058 924 1168 954 Amnis
1182 924 1206 953 it
1222 923 1331 953 insana
1346 923 1464 951 nomine
1481 921 1595 952 Gallus
1610 922 1701 961 aqud.

1063 967 1123 1001 Qui
1138 967 1211 997 bibit
1226 966 1418 1006 inde‚fur1't,
1437 968 1495 995 dcc.

1020 1010 1096 1041 Cum
1120 1011 1210 1040 sistro
1237 1009 1322 1040 lusca
1352 1008 1513 1047 Sacerdos]
1549 1008 1696 1038 Sacerdos
1730 1007 1820 1038 Isidis

973 1052 1204 1095 AEgyptiorum
1229 1053 1322 1090 Deae‚
1344 1053 1378 1082 in
1396 1053 1466 1090 ejus
1483 1052 1583 1082 Sacris
1599 1051 1702 1081 ferens
1719 1053 1819 1090 crepi-

973 1099 1123 1129 taculum
1147 1108 1188 1127 ex
1206 1106 1267 1126 aere
1282 1097 1331 1126 vel
1348 1103 1499 1135 argento:
1524 1096 1606 1125 sicut
1627 1095 1714 1125 Galli
1730 1104 1819 1134 cym-

973 1141 1096 1172 balum.
1145 1140 1198 1170 De
1212 1140 1262 1169 his
1274 1139 1344 1170 fuse
1357 1139 1396 1169 ad
1412 1138 1566 1169 Juvenal.
1585 1139 1650 1168 Sat.
1665 1138 1694 1168 6.

1016 1182 1132 1226 Sistro]
1156 1182 1281 1224 Σεῖςςον,
1296 1183 1314 1212 a
1329 1181 1413 1221 σείου,
1429 1182 1578 1212 concutio.

1017 1226 1119 1258 Lusca
1135 1227 1296 1266 Sacerdos]
1330 1225 1457 1264 insana,
1482 1227 1607 1263 vitiosa,
1637 1225 1719 1254 sicut
1744 1226 1820 1256 alibi

975 1280 1033 1310 pro
1060 1271 1161 1302 stulto
1190 1270 1335 1310 ponitur.
1381 1269 1445 1299 Vel
1477 1268 1582 1298 revera
1613 1278 1680 1299 uno
1711 1270 1819 1299 orbata

975 1315 1083 1353 oculo,
1099 1324 1156 1345 seu
1174 1313 1261 1353 quod
1278 1315 1356 1343 irato
1371 1312 1416 1342 illi
1434 1312 1489 1342 his
1506 1313 1707 1351 percussisset
1722 1312 1820 1342 lumi-

975 1367 1017 1387 na
1033 1359 1135 1397 sistro,
1152 1364 1189 1388 ut
1212 1358 1305 1386 aiunt
1319 1356 1502 1393 Juvenalis,
1525 1356 1592 1385 Sat.
1610 1356 1659 1384 13.
1675 1364 1704 1384 v.
1723 1356 1775 1385 98.
1790 1357 1819 1385 ἃ*

975 1401 1122 1438 Ovidius,
1147 1401 1202 1430 lib.
1234 1402 1261 1429 1.
1284 1399 1323 1429 de
1349 1399 1466 1437 Ponto,
1492 1398 1581 1438 Eleg.
1602 1399 1630 1427 1.
1655 1408 1712 1428 seu
1731 1398 1820 1438 quod

975 1442 1103 1473 Nubiles
1118 1444 1266 1482 deformes
1279 1453 1346 1471 cum
1359 1442 1486 1471 maritos
1499 1451 1555 1470 non
1573 1442 1756 1480 invenerint,
1780 1443 1823 1472 ud

973 1487 1143 1517 ‘minis-teria
1173 1487 1307 1516 Deorum
1333 1495 1366 1515 se
1394 1485 1555 1524 conferant
1567 1496 1576 1513 :
1612 1486 1700 1524 quod
1728 1486 1822 1516 aiunt

975 1537 1097 1561 veteres
1114 1530 1218 1560 Gloss.
1233 1530 1296 1560 hic.

1021 1574 1093 1605 187.
1117 1573 1276 1604 Incussere
1289 1571 1387 1611 Deos]
1412 1570 1570 1609 injiciunt
1583 1578 1711 1602 metum
1726 1573 1821 1611 Syriae

976 1615 1070 1656 Deae,
1088 1617 1238 1657 Cybeles,
1251 1616 1352 1655 Isidis,
1361 1615 1484 1646 levibus
1496 1615 1610 1645 animis
1623 1617 1822 1654 occinentes,

975 1661 1065 1690 illam
1087 1661 1196 1690 furore
1212 1664 1398 1697 concutere,
1414 1658 1500 1690 hanc
1517 1659 1630 1697 plagis,
1649 1659 1821 1698 ulceribus,

978 1704 1164 1743 morbisque
1179 1701 1306 1733 afficere
1324 1704 1351 1732 Sc
1370 1702 1528 1739 affligere:
1554 1711 1626 1741 qux
1645 1708 1754 1732 tamen
1772 1703 1822 1732 in-

978 1749 1152 1777 commoda
1181 1747 1210 1776 ὅι
1231 1745 1434 1785 aegritudines
1458 1745 1475 1773 a
1501 1746 1603 1774 causis
1626 1746 1822 1776 naturalibus

979 1790 1237 1828 proficiscuntur,
1261 1796 1296 1818 ut
1311 1788 1432 1818 erudite
1444 1788 1588 1826 disputat
1606 1790 1750 1817 Aretaeus
1767 1789 1821 1819 lib.

978 1832 1020 1862 de
1042 1833 1145 1863 acutis
1161 1832 1291 1869 morbis,
1309 1841 1377 1870 cap.
1394 1831 1425 1861 9.
1443 1831 1499 1860 ubi
1514 1831 1657 1869 explicat
1680 1840 1736 1860 cur
1763 1832 1822 1872 Sy-

979 1876 1040 1905 rios
1063 1876 1309 1915 AEgyptiosque
1337 1880 1419 1904 tetra
1442 1874 1512 1903 brec
1540 1874 1646 1903 ulcera
1669 1874 1823 1905 divexent

978 1919 1191 1958 potissimum.

1021 1961 1103 1991 Deos
1118 1962 1262 1998 inflantes
1276 1959 1416 2000 corpora]
1442 1959 1622 1990 Tumorem
1648 1961 1681 1990 in
1709 1970 1823 2000 corpus

978 2006 1203 2042 immittentes,
1218 2005 1280 2035 nisi
1294 2004 1507 2043 placarentur,
1523 2010 1559 2032 ut
1575 2003 1757 2034 credebant.

979 2049 1118 2079 Martial.
1136 2049 1189 2078 lib.
1202 2051 1231 2077 4.
1252 2048 1452 2087 Epigramm.
1467 2049 1517 2076 45.

1063 2092 1141 2121 Juro
1152 2101 1209 2130 per
1225 2090 1329 2131 Syrios
1345 2090 1401 2119 tibi
1419 2093 1556 2127 {ianm-es,

1064 2135 1142 2165 Juro
1150 2145 1207 2173 per
1219 2132 1440 2173 Berecynthios
1450 2132 1588 2169 furores.

978 2177 1147 2209 Juvenalis
1165 2178 1229 2208 Sat.
1252 2179 1300 2207 15.
1316 2186 1347 2206 v.
1361 2177 1391 2205 9.
1405 2177 1642 2215 superstitiosos
1655 2175 1825 2218 AEgyptios

979 2222 1098 2259 irridet,
1114 2231 1195 2251 vana
1211 2221 1333 2260 quaevis
1353 2223 1379 2249 δι
1398 2220 1531 2249 ridicula
1548 2229 1604 2258 pro
1622 2220 1691 2249 Diis
1714 2222 1823 2252 colen-

980 2272 1038 2303 teS,
1054 2265 1151 2296 etiarn
1167 2274 1312 2304 porrum,
1329 2273 1429 2302 cepe,
1444 2265 1501 2292 &e

1023 2308 1130 2336 Sinon
1142 2307 1336 2346 proedictum,
1351 2307 1416 2345 εμπ]
1441 2306 1508 2335 Nisi
1521 2307 1666 2335 observes
1682 2317 1752 2346 quae
1770 2309 1823 2346 ju-

979 2350 1059 2381 bent
1073 2351 1249 2381 Sacrificuli
1270 2350 1314 2379 illi
1330 2351 1357 2380 3.-
1375 2349 1564 2380 Sacrificuiae
1589 2349 1627 2378 ad
1652 2350 1824 2388 placandos

981 2394 1068 2424 Deos
1085 2404 1168 2424 suos.

1025 2438 1096 2467 188.
1133 2436 1333 2476 Praedictum]
1372 2436 1460 2466 Ante
1498 2436 1684 2473 nominans,
1724 2438 1825 2476 quam

980 2480 1166 2517 comedens,
1190 2489 1233 2508 ex
1248 2480 1465 2517 superstitioso
1481 2480 1556 2515 ritu,
1571 2479 1726 2517 inquiunt
1743 2491 1828 2512 non-

979 2525 1074 2561 nulli,
1087 2524 1206 2562 quibus
1223 2528 1333 2553 tamen
1351 2524 1403 2552 alii
1421 2521 1625 2560 refragantur.

1029 2566 1198 2603 Termane]
1223 2566 1417 2603 Superstitio
1434 2566 1541 2594 elucet
1564 2565 1596 2594 iu
1621 2566 1766 2606 singulis,
1796 2570 1825 2599 Sc

982 2610 1069 2649 quod
1087 2617 1174 2639 certo
1190 2615 1352 2647 tempore,
1371 2610 1397 2637 St
1415 2608 1502 2646 quod
1518 2609 1608 2637 certis
1625 2610 1756 2642 vicibus.

1028 2652 1315 2691 Caputgustazreris
1328 2651 1399 2690 alli]
1423 2650 1520 2683 Quod
1543 2652 1726 2683 amuletum
1751 2664 1825 2685 con-

982 2702 1029 2725 tra
1058 2697 1313 2733 incantamenta,
1340 2696 1368 2724 δε
1398 2695 1435 2723 ad
1461 2695 1641 2725 multarum
1666 2706 1826 2727 noxarum

982 2739 1209 2777 depulsionem
1236 2738 1342 2767 valere
1369 2746 1451 2766 vana
1477 2738 1607 2767 credidit
1635 2740 1827 2780 antiquitas,

983 2783 1132 2811 videlicet
1147 2786 1247 2818 caput
1263 2781 1317 2809 alii
1339 2788 1395 2810 aut
1417 2790 1504 2818 cepae
1528 2781 1546 2810 a
1565 2783 1681 2819 jejuno
1703 2793 1828 2812 comes-

984 2830 1067 2854 tum.
1091 2824 1236 2854 Turneb.
1252 2823 1307 2852 lib.
1325 2826 1373 2853 18.
1389 2833 1458 2861 cap.
1478 2825 1527 2853 12.
1562 2825 1685 2854 Plinius
1699 2825 1753 2855 lib.
1770 2827 1826 2856 20.

984 2878 1054 2906 cap.
1070 2868 1099 2896 ὃ.
1123 2866 1162 2895 de
1187 2866 1241 2895 alii
1265 2867 1435 2896 virtutibus
1459 2867 1562 2896 multa
1588 2868 1692 2905 refert,
1716 2869 1829 2908 aitque

983 2911 1089 2940 utilem
1105 2910 1258 2947 quandam
1271 2910 1460 2946 inflationem
1472 2910 1596 2948 ιΪὶιεενρ,
1618 2910 1744 2940 insanire
1770 2922 1831 2941 me-

986 2954 1063 2991 deri,
1081 2954 1139 2982 &m

1032 2997 1105 3026 189.
1129 2996 1255 3025 Dixeris
1280 2996 1341 3025 liaec
1370 2996 1463 3033 inter,
1487 2993 1553 3035 ᾅσ]
1593 2995 1672 3025 Haec
1695 2997 1735 3027 de
1759 3009 1833 3030 vera

986 3040 1134 3070 libertate
1155 3039 1285 3078 disputa
1311 3050 1415 3069 coram
1444 3040 1591 3077 stupidis,
1616 3040 1644 3067 Sc
1675 3040 1832 3080 imperitis

988 3082 1156 3120 militibus,
1181 3084 1206 3111 si
1231 3084 1276 3112 vis
1292 3093 1368 3112 cum
1392 3082 1528 3111 ludibrio
1551 3082 1579 3110 Sc
1595 3092 1696 3113 sanna
1712 3086 1834 3125 excipi.

992 3126 1096 3159 Quasi
1120 3126 1194 3156 vero
1210 3125 1313 3157 ferant
1329 3126 1377 3155 illi
1399 3134 1434 3156 se.
1445 3125 1507 3154 dici
1524 3133 1590 3154 non
1613 3135 1752 3165 usquam
1769 3138 1835 3160 esse
