1948 3281
705 107 894 162 PERSII
927 104 1146 152 SATIRA
1175 105 1236 149 V.

96 206 278 251 Vulnera
298 218 369 248 seu
391 200 530 246 Parthi
551 200 740 244 ducentis
763 200 813 242 ab
836 198 1005 256 inguine
1026 198 1195 239 ferrum.

95 266 309 323 Quorsum
331 264 421 304 haec
441 262 455 303 i
491 261 579 302 Aut
597 269 770 315 quantas
793 257 947 299 robusti
971 254 1166 297 carminis
1187 252 1290 296 offas

99 321 273 379 Ingeris,
306 330 351 362 ut
373 333 442 374 par
464 318 515 360 sit
538 327 712 359 centeno
734 325 899 373 gutture
920 314 995 356 niti
1021 315 1034 354 ?

96 379 263 422 Grande
285 376 462 420 locuturi
484 375 650 418 nebulas
673 374 880 416 Helicone
901 372 1071 428 legunto
1091 386 1101 411 ι

99 437 144 480 Si
166 436 317 492 quibus
339 446 405 476 aut
433 435 628 490 Prognes,
665 442 733 473 aut
757 431 789 472 si
812 430 962 486 quibus
984 428 1278 492 ollaThyestae

98 493 314 546 Fervebit3
348 493 459 546 saepe
483 490 641 532 insulso
663 489 870 533 coenanda
891 487 1090 542 Glyconi.

98 552 165 596 Tu
182 566 314 608 neque
330 548 539 592 anhelanti
556 546 749 604 coquitur
766 547 865 587 dum
887 559 1022 586 massa
1038 541 1222 594 camino,
1250 540 1300 583 10
1312 543 1465 584 Pr⁰g1²⁶³s‚

1736 111 1820 152 313

1308 198 1371 227 sive
1387 198 1564 230 describant
1584 200 1698 241 plagas
1714 201 1827 231 Parthi

1307 242 1475 271 emittentis
1485 243 1583 283 sagit!
1598 254 1620 273 ἐ
1636 255 1673 272 επ
1685 244 1823 285 inguine.

1285 311 1294 322 ,
1309 284 1362 315 Ad
1393 285 1467 322 quid
1503 285 1563 315 isca
1576 286 1590 314 ‚2
1642 286 1695 316 Vel
1732 290 1826 326 ᾳιιιὶηι

1270 312 1295 352 b
1309 337 1437 367 magnos
1453 327 1638 366 offas-fortis
1657 331 1760 359 versus
1775 332 1824 361 in-

1299 370 1384 408 fers,
1406 374 1439 400 ut
1466 380 1539 408 opus
1561 372 1602 400 sit
1619 372 1733 408 fulciri
1757 383 1826 403 cen-

1310 412 1553 450 tumfaucibus?
1581 415 1692 454 Ingens
1703 416 1825 454 aliquid

1310 457 1455 496 scripturi
1482 456 1632 496 colligant
1664 459 1754 487 nubes
1788 469 1827 488 ει

1312 500 1459 530 HeII'cone
1472 510 1482 527 .·
1507 501 1534 529 &
1548 501 1574 528 si
1589 500 1767 539 quibusdam
1780 506 1828 532 vel

1510 542 1558 572 vel
1602 545 1629 572 si
1673 544 1828 582 aliquibus

1316 584 1452 625 Thyestoe
1479 587 1559 616 lebes
1584 586 1691 616 hulliet
1706 599 1714 615 .·
1752 598 1824 626 qua:

376 648 464 668 coena
479 637 600 678 agenda
606 636 792 675 frequenter
806 635 844 664 ab
860 633 994 672 insipido
1011 631 1155 671 Glycone.
1204 629 1249 661 Tu
1263 640 1318 662 nec
1332 631 1470 670 spiritum
1485 630 1656 670 comprimis
1673 629 1830 660 laboranti

143 835 173 864 4.
190 832 323 864 Vulnera
335 842 386 863 seu.
402 830 530 870 Parthi]
556 829 636 864 Quae
653 830 789 861 Romani
803 829 938 866 Parthis,

101 883 161 907 aut
183 876 334 907 Romanis
349 877 446 906 etiam
463 875 572 904 Parthi
596 874 779 904 intulerunt
796 873 830 903 in
846 873 937 904 bellis

103 920 163 950 sub
181 921 344 960 Augusto,
367 920 434 949 imo
461 919 489 948 <Sc
512 919 571 947 sub
593 917 723 947 Nerone
749 918 866 956 gestis3
898 917 937 946 de

103 963 222 1001 quibus
250 963 352 992 Poetae
381 961 522 992 carmina
550 961 732 993 condebant
760 959 938 990 Caesaribus

102 1006 278 1036 adulantes.
325 1001 381 1036 De*
403 1005 494 1035 bellis
515 1003 668 1034 Parthicis
691 1003 819 1033 Cornel.
835 1002 938 1036 Tacit.

102 1049 222 1079 Annal.
238 1048 292 1079 lib.
309 1050 356 1079 1⁶2.
377 1050 405 1079 Sc
419 1054 569 1087 sequent.
588 1048 723 1076 Sueton.
740 1046 860 1081 Justin.

145 1090 277 1131 Parthi]
301 1092 418 1131 Populi
432 1092 522 1121 fuere
536 1091 573 1120 in
590 1091 667 1119 Asia
679 1089 860 1120 orientales
877 1089 939 1119 Ro-

102 1144 278 1165 manorum
294 1136 402 1165 hostes
415 1133 634 1168 infensissimi,
657 1132 826 1172 sagittandi
850 1132 941 1172 periti

103 1177 208 1215 valde,
224 1180 250 1207 ὅς
266 1178 376 1218 fugam
391 1177 575 1207 simulando
588 1176 714 1205 vincere
726 1175 854 1206 assueti.

103 1220 197 1251 Unde
211 1221 325 1261 Virgil.
339 1220 484 1260 Georgic.
498 1221 527 1249 3.

173 1263 395 1304 Fidentemque
407 1263 498 1304 jitgri
511 1262 661 1292 Parthum
678 1262 828 1302 versisque
842 1263 940 1303 sagit-

235 1307 285 1336 tis.

146 1349 298 1380 Ducentis
319 1351 357 1380 ab
378 1350 504 1391 inguine
514 1349 651 1388 ferrum]
674 1348 781 1379 Locus
798 1348 939 1389 profecto

103 1404 232 1433 anceps.
277 1394 534 1432 interpretantur
553 1393 654 1432 vulgo
676 1393 803 1432 sagittas
826 1392 843 1422 ὲ
869 1393 939 1422 vul-

104 1446 180 1469 nere
196 1438 397 1469 extrahentis
410 1438 438 1467 δι
456 1437 488 1466 in
500 1436 608 1466 hostes
625 1436 848 1474 retorquentis.
892 1437 941 1466 At

103 1480 255 1511 audacior
275 1479 403 1511 videtur
429 1480 660 1518 interpretatio.
705 1479 842 1510 Casaub.
869 1480 942 1509 vult

104 1524 123 1553 a
149 1523 254 1553 Persio
279 1524 415 1564 intelligi
440 1529 597 1563 quartum
616 1522 781 1560 jaculandi
803 1523 940 1553 modum

104 1566 228 1597 Parthis
255 1567 433 1605 proprium,
464 1565 587 1605 nempe
614 1575 652 1595 ex
680 1566 830 1606 ingreium
866 1566 940 1596 cum

107 1610 236 1650 sagittas
260 1610 445 1641 emittere-nt
468 1610 497 1639 δε
529 1609 606 1647 tela,
639 1609 694 1638 alii
721 1618 763 1639 ex
790 1610 940 1648 humero,

105 1654 161 1683 alii
175 1653 193 1682 ὲ
207 1653 311 1691 capite
327 1662 383 1683 seu
398 1662 441 1682 ex
457 1653 602 1682 auricula
616 1651 741 1689 dextra,
767 1652 819 1681 alii
836 1651 854 1681 ὲ
870 1663 941 1692 pec-

105 1701 174 1726 tore
199 1705 258 1725 seu
284 1697 447 1735 mamma3
482 1696 626 1734 citatque
651 1694 866 1733 Propertium,
889 1696 943 1725 lib.

106 1741 138 1768 4.
162 1738 252 1779 Eleg.
285 1739 405 1769 scilicet
430 1741 481 1769 11.
503 1739 544 1769 de
564 1738 678 1776 Gallis,
697 1738 751 1767 ubi
775 1739 873 1778 vulgo
899 1739 944 1768 le·

107 1788 207 1823 gunt:
826 1798 833 1802 -

195 1824 254 1854 Illa·
264 1825 395 1865 virgatis
398 1824 573 1864 jaculantis
587 1823 626 1852 ab
641 1824 762 1864 agmine
773 1823 896 1855 braccis.

109 1867 205 1908 Legit
222 1870 299 1898 vero
315 1868 525 1899 Casaubonus
550 1868 626 1905 illie,
649 1868 687 1897 ab
713 1867 854 1907 inguine,
877 1868 943 1906 sed,

109 1921 148 1941 an
161 1913 246 1950 jure,
269 1913 340 1950 ipse
354 1912 475 1941 viderit.
523 1909 617 1942 Certe
635 1911 746 1940 malim
766 1920 842 1940 curn
859 1911 943 1941 Mar-

109 1955 195 1993 cilio‚
219 1956 381 1993 explicare
396 1954 538 1984 Persium
562 1954 629 1991 hic,
651 1953 690 1983 de
707 1954 827 1984 Parthis
843 1954 944 1984 letha-

107 1997 180 2028 liter
203 1998 236 2028 in
265 1998 402 2037 inguine
425 1997 610 2034 vulneratis,
635 1997 664 2026 ἃ·
688 1997 814 2036 sagittas
840 2003 946 2028 extra-

110 2040 229 2080 hendo,
251 2041 473 2072 morientibus.
519 2040 690 2078 Numquid
705 2040 792 2069 enim
807 2040 946 2071 Romani

110 2082 216 2113 Poetae
243 2084 276 2113 in
301 2083 408 2122 Epicis
424 2083 643 2119 Carminibus,
664 2083 705 2113 de
731 2083 849 2122 quibus
873 2084 947 2114 Per-

110 2126 175 2156 sius
206 2126 268 2156 hoc
292 2127 376 2163 loco,
411 2125 593 2156 laudassent
629 2126 761 2156 Parthos
797 2126 861 2156 tela
901 2128 945 2157 vi-

110 2169 250 2207 brantes,
275 2170 302 2198 Sc
321 2168 473 2200 Romanis
495 2175 632 2198 mortem
650 2170 821 2199 inferentes
840 2171 946 2208 potius

111 2212 211 2250 quam
241 2213 373 2246 victores
399 2212 590 2243 Parthorum
628 2210 812 2244 Romanos?
847 2212 946 2247 Quod

110 2258 223 2286 tamen
240 2256 415 2286 dicendum
433 2254 526 2291 foret,
550 2256 574 2283 si
594 2255 728 2289 vulnera
741 2261 947 2286 sumerentur

112 2297 166 2327 hic
182 2298 296 2337 active,
321 2303 358 2327 ut
378 2298 475 2328 sentit
489 2297 710 2328 casaubonus.
802 2297 804 2299 ’

156 2340 294 2380 Ferrum]
319 2341 454 2381 Sagittas
480 2340 560 2370 ferro
583 2347 718 2371 armatas
744 2341 778 2372 in
803 2342 947 2381 cuspide.

113 2382 334 2423 Synecdoche.

155 2427 186 2457 5.
203 2425 352 2460 Quorsum
368 2427 428 2457 hoec
442 2425 473 2465 J]
487 2425 596 2466 Fingit
610 2425 733 2455 Persius
746 2427 854 2456 adesse
869 2427 946 2457 Cor-

113 2476 235 2500 nutum
261 2476 502 2510 praeceptorem,
526 2471 554 2499 &
572 2469 760 2509 redarguere
775 2470 838 2499 sic:
863 2470 953 2503 unde

113 2513 190 2543 vero
204 2514 274 2552 tibi,
297 2515 318 2544 ὁ
333 2514 429 2551 Persi,
452 2512 617 2553 turgidum
640 2512 720 2542 illud
745 2513 854 2544 Satirae
880 2523 950 2552 pro-

115 2556 271 2587 oemmm?

158 2598 227 2632 Aut.
246 2604 379 2638 quantas
403 2600 518 2629 robusti
539 2597 685 2629 carminis
698 2597 778 2636 offas
793 2598 909 2639 ingeris
919 2598 951 2637 .⁷]

116 2640 222 2671 Eccur
236 2648 339 2675 tantas
354 2643 523 2673 verborum
540 2641 698 2681 ampullas
713 2641 865 2671 adhibes?

159 2682 290 2714 Robusti
304 2684 463 2727 carminis]
488 2685 633 2722 Heroici,
656 2683 707 2713 vel
723 2683 860 2724 Tragici.
897 2684 952 2716 Tu

118 2726 271 2803 31¹¹?an
297 2738 365 2759 non
391 2729 527 2759 Satiram
552 2728 688 2758 scribere
715 2727 768 2756 sed
791 2727 879 2767 Epos
906 2729 951 2758 vi-

143 2779 211 2799 eris.

167 2812 270 2851 Offas]
297 2813 371 2852 Offa
395 2814 512 2844 dicitur
536 2814 599 2844 cibi
621 2812 771 2853 globulus
792 2819 850 2843 aut
873 2813 950 2845 frus-

121 2860 205 2886 tum.
252 2855 317 2885 Hic
353 2857 573 2898 metaphorice
609 2855 765 2897 significat
802 2857 952 2886 inflatum

121 2906 260 2928 carmen.

166 2942 197 2972 6.
224 2941 264 2970 Ut
275 2952 335 2980 par
349 2942 389 2971 sit
403 2947 524 2972 centeno
535 2946 665 2983 gutture
680 2941 739 2971 niti
750 2940 781 2979 Ρ]
796 2941 901 2972 Velut
916 2943 954 2972 ad

124 2985 322 3021 trajiciendas
345 2983 421 3014 offas
437 2986 505 3016 illas
528 2986 723 3026 grandiores,
744 2985 809 3015 sive
823 2985 861 3015 ad
878 2995 955 3024 pro—

125 3026 270 3056 ferendos
287 3037 394 3057 versus
409 3028 488 3057 adeo
504 3034 678 3069 turgentes.

168 3071 199 3099 7.
222 3069 376 3111 Nebulas]
398 3071 519 3101 Similia
541 3072 679 3110 nebulis,
701 3071 819 3110 inania,
842 3081 957 3110 quam-

127 3112 170 3142 vis
201 3113 308 3152 specie
336 3123 462 3154 magna.
507 3114 621 3146 Horat.
655 3115 690 3145 iu
718 3115 812 3153 Arte,
849 3123 960 3155 nugas,

981 837 1122 866 canoras,
1145 832 1258 857 vocat:
1284 828 1310 856 Sc
1329 826 1422 856 nubes
1445 827 1468 864 ‘S‘
1492 826 1600 856 inania
1626 832 1753 867 captare
1772 840 1826 861 eos

982 872 1071 908 dicit,
1094 872 1151 909 qui
1169 871 1334 910 turgidum
1353 870 1495 900 scribunt
1511 880 1651 900 carmen.

1025 914 1176 944 Helicone
1193 910 1337 953 legunto]
1353 913 1535 943 luvocando
1550 914 1662 944 Musas
1677 915 1705 945 ἅτ
1722 915 1824 956 Apol-

984 958 1096 988 linem.
1144 957 1226 986 Vide
1242 958 1272 985 in
1288 956 1436 995 Prologo.

1027 1001 1055 1031 8.
1081 1000 1116 1029 Si
1141 999 1249 1038 quibus
1273 1002 1327 1029 aut
1345 999 1494 1038 Prognae,
1519 998 1587 1036 ἑξεῖ]
1625 1000 1655 1029 Si
1683 1001 1741 1039 qui
1768 1011 1823 1032 vo-

982 1044 1053 1073 lent
1068 1044 1201 1075 scribere
1223 1042 1423 1083 Tragoediam
1440 1042 1490 1071 vel
1514 1043 1554 1072 de
1568 1041 1690 1083 Progne
1706 1045 1823 1076 Pandi-

984 1087 1054 1117 onis
1081 1086 1337 1116 Atheniensium
1362 1085 1456 1124 Regis
1486 1085 1564 1120 filia,
1599 1085 1693 1115 Terei
1720 1087 1823 1118 Thra-

983 1140 1059 1161 cum
1073 1130 1167 1169 Regis
1185 1139 1305 1159 uxore:
1333 1129 1380 1158 vel
1393 1128 1432 1158 de
1450 1128 1546 1158 Atreo
1562 1130 1589 1158 &-
1601 1128 1745 1168 Thyeste
1763 1131 1823 1161 fra-

983 1173 1086 1203 tribus
1116 1173 1201 1211 apud
1221 1174 1323 1212 Argos
1347 1182 1403 1202 seu
1422 1171 1577 1211 Mycena<
1603 1174 1822 1211 regnantibus,

984 1216 1204 1246 invidentibus
1224 1216 1285 1246 sibi
1309 1217 1462 1252 invicem,
1493 1216 1521 1244 ὃ(
1551 1215 1585 1244 in
1609 1224 1678 1245 sese
1705 1217 1823 1255 pariter

982 1260 1198 1297 saevientibus.

1028 1301 1181 1342 Prognes]
1219 1301 1301 1335 Quae
1328 1300 1435 1331 Tereo
1458 1301 1573 1330 marito
1596 1301 1698 1332 filium
1723 1301 1823 1343 Ithyrt

983 1346 1135 1384 apposuit
1150 1345 1365 1385 epulandum,
1386 1344 1494 1373 dolore
1512 1344 1628 1383 percita
1645 1346 1733 1384 quod
1748 1347 1821 1376 Phi-

983 1388 1135 1419 lomelam
1154 1398 1294 1419 sororem
1306 1388 1359 1418 ille
1373 1387 1523 1417 vitiasset.
1570 1387 1665 1417 Ovid.
1682 1389 1824 1422 Metam.

983 1431 1013 1462 6.
1040 1432 1113 1462 Fab.
1129 1434 1158 1462 7..

1029 1474 1103 1505 olla
1135 1475 1284 1515 Thyestoe]
1317 1474 1385 1507 Qui
1412 1483 1485 1504 suos
1511 1474 1578 1512 ipse
1600 1473 1680 1503 filios
1703 1474 1823 1506 inscius

984 1518 1124 1549 comedit
1149 1518 1182 1548 in
1208 1520 1273 1549 olla
1292 1523 1399 1548 coctos
1428 1519 1455 1546 Sc
1483 1518 1645 1556 appositos
1661 1518 1693 1547 in
1710 1518 1823 1549 cibum

984 1562 1023 1592 ab
1040 1564 1140 1592 Atreo
1161 1562 1268 1597 fratre,
1291 1563 1448 1591 incestum
1479 1561 1563 1589 illius
1588 1570 1663 1590 curn
1693 1561 1824 1601 Europa

985 1614 1087 1636 uxore
1102 1615 1160 1635 sua
1175 1605 1370 1635 vindicante.
1414 1603 1501 1633 Vide
1517 1603 1676 1634 Senecam
1698 1604 1824 1645 Tragic.

986 1649 1019 1678 in
1036 1648 1199 1688 Thyestae.
1811 1670 1815 1671 γ

1030 1692 1059 1722 9.
1094 1690 1249 1729 Fervebit]
1285 1690 1447 1730 Allegoria
1469 1690 1508 1720 ab
1531 1690 1595 1720 olla
1617 1690 1652 1720 in
1675 1700 1739 1729 qua
1764 1690 1824 1722 fer-

986 1740 1083 1764 vente
1104 1735 1188 1764 cocti
1215 1739 1293 1763 sunt
1311 1733 1369 1763 filii
1383 1734 1479 1764 Terei
1495 1735 1523 1763 ἄν
1540 1733 1705 1772 Thyestae,
1730 1735 1758 1763 δι
1773 1735 1823 1764 al-

988 1777 1070 1807 lusio
1087 1778 1126 1807 ad
1141 1776 1317 1817 Tragoediae
1332 1778 1453 1817 stylum
1466 1777 1667 1807 concitatum
1680 1778 1709 1807 δε
1725 1778 1824 1808 vehe-

988 1828 1145 1850 mentem.

1031 1863 1206 1902 Coenaaezcla]
1251 1862 1520 1903 Repraesentanda
1548 1873 1642 1894 coena
1667 1864 1764 1894 Terei
1793 1865 1822 1894 &

986 1906 1137 1946 Thyesta:
1168 1908 1310 1945 proprios
1337 1906 1417 1935 filios
1442 1906 1680 1936 devorantium.
1725 1906 1825 1939 Quod

990 1956 1099 1979 tamen
1127 1951 1160 1980 in
1190 1950 1295 1979 Scena
1322 1949 1468 1979 exhiberi
1497 1954 1583 1979 vetat
1612 1950 1765 1980 Horatius
1790 1950 1826 1981 in

988 1994 1080 2032 Arte,
1103 1994 1152 2023 his
1167 1993 1308 2022 versibus
1327 2004 1333 2021 z

1290 2035 1363 2065 Non
1380 2038 1480 2064 tamen
1496 2035 1582 2065 intus

1062 2080 1170 2121 Digna
1203 2080 1270 2119 geri
1300 2089 1417 2118 promes
1443 2079 1474 2107 in
1502 2088 1635 2118 scenam,
1671 2079 1828 2119 multaque

1121 2123 1209 2152 tolles

1062 2166 1117 2196 Ex
1129 2167 1237 2204 oculis,
1250 2177 1316 2205 quae
1326 2176 1393 2195 mox
1407 2169 1513 2195 narret
1526 2165 1675 2199 facundia
1687 2172 1830 2205 prfz’sens.

1062 2208 1126 2239 Nec
1137 2220 1247 2249 pueros
1263 2208 1485 2248 corampopulo
1503 2209 1625 2239 Medaea
1641 2210 1771 2239 trucidet
1783 2220 1798 2244 ,-

1062 2253 1128 2283 Aut
1158 2253 1290 2283 humana
1320 2252 1429 2291 palam
1453 2255 1563 2291 coquat
1592 2257 1665 2282 exta
1693 2251 1831 2290 nefarius

1117 2295 1230 2326 Atreus
1241 2308 1255 2332 ,-

1062 2339 1129 2369 Aut
1142 2339 1172 2368 in
1188 2350 1272 2370 avem
1285 2340 1410 2380 Progne
1423 2342 1573 2377 vertatur,
1597 2339 1653 2369 &Q

1035 2381 1181 2421 Glyconi]
1205 2383 1311 2414 Fatuo
1335 2382 1506 2422 Tragoedo,
1544 2390 1691 2421 ternpore
1720 2382 1826 2413 Nero-

991 2427 1052 2463 nis,
1077 2426 1136 2464 qui
1159 2426 1232 2457 trita
1258 2431 1450 2466 argumenta
1472 2425 1586 2465 saepius
1610 2426 1650 2455 ad
1675 2434 1832 2456 nauseam

993 2474 1171 2519 reponeret.
1228 2471 1280 2501 De
1317 2469 1476 2499 similibus
1514 2469 1652 2498 Martial.
1689 2469 1743 2499 lib.
1779 2469 1832 2499 10.

993 2513 1135 2588 EpnglJi.
1145 2555 1222 2596 legis
1239 2555 1436 2594 Oedipodem,
1459 2550 1703 2595 caligantem‘que
1718 2553 1833 2594 Thyes·

1071 2602 1245 2713 Col}3z⁷i’‘v'a,<‚
1279 2643 1301 2679 (ξς
1330 2641 1477 2681 Scyllam
1511 2641 1586 2679 quid
1610 2641 1672 2671 nisi
1697 2645 1834 2672 monstra

1136 2687 1218 2724 egis.
1248 2688 1298 2723 ᾀσ.

996 2727 1083 2757 Hinc
1097 2728 1242 2758 insulsum
1259 2733 1350 2757 vocat
1365 2728 1500 2765 Persius,
1514 2735 1548 2758 ut
1563 2728 1607 2758 ait
1623 2734 1716 2758 veru<
1734 2728 1832 2757 Scho-

995 2771 1111 2809 liastes,
1136 2770 1292 2800 eratenim
1314 2770 1367 2800 ille
1383 2771 1500 2800 nescius
1513 2772 1638 2810 jocari:
1662 2779 1834 2810 quanquam

990 2813 1106 2852 populo
1130 2814 1204 2843 mire
1225 2813 1359 2853 placuit,
1383 2815 1406 2852 ξς
1420 2814 1487 2843 ideo
1503 2816 1522 2844 ἀ
1539 2813 1656 2844 Nerone
1672 2812 1836 2843 manumis-

996 2867 1047 2886 sus
1060 2860 1119 2894 est,
1144 2858 1203 2887 διε.

1044 2900 1092 2929 10.
1120 2899 1165 2929 Tu
1180 2909 1275 2939 neque
1286 2897 1458 2938 anhelanti,
1480 2901 1545 2939 εμπ]
1583 2900 1636 2929 Tu
1651 2910 1770 2939 magno
1783 2909 1838 2929 co-

1000 2947 1079 2973 natu
1107 2952 1215 2973 versus
1244 2943 1430 2983 magnificos
1458 2954 1524 2973 non
1556 2943 1687 2982 profers,
1718 2952 1837 2983 magno

1000 2985 1162 3023 anhelitu,
1195 2987 1223 3015 &
1248 2987 1458 3025 pulmonibus
1482 2987 1708 3016 laborantibus.
1768 2986 1837 3016 Nee

1002 3030 1047 3058 ita
1062 3029 1167 3059 scribis
1181 3035 1238 3060 aut
1261 3030 1411 3068 loqueris,
1438 3034 1471 3059 ut
1498 3030 1589 3058 folles
1607 3027 1717 3058 inflare
1733 3029 1840 3059 videa-

1004 3073 1062 3101 ris:
1086 3071 1234 3111 adeoque
1258 3074 1298 3102 ab
1327 3073 1444 3111 ineptis
1473 3073 1571 3106 huin<
1600 3072 1711 3102 seculi
1741 3072 1844 3103 Poetis

1005 3114 1172 3146 ambitiose
1188 3116 1395 3147 recitantibus
1409 3116 1509 3154 quam
1526 3114 1622 3154 longe
1637 3115 1732 3145 abes!
