1948 3281
718 64 903 108 PERSII
945 62 1158 107 SATIRA
1190 65 1247 107 V.

115 157 274 200 Nostra
293 153 354 197 vel
378 150 526 210 aequali
547 152 759 207 suspendit
781 160 965 206 tempora
985 150 1088 193 libra

118 216 244 256 Parca
266 222 383 254 tenax
407 210 515 252 veri:
551 225 621 250 seu
644 221 735 251 nata
757 209 944 251 fidelibus
967 210 1067 250 hora

113 271 275 314 Dividit
298 271 339 311 in
361 268 549 325 geminos
571 267 792 308 concordia
813 266 893 308 fata
914 267 1091 307 duorum
1112 281 1122 306 ε

1753 70 1838 112 319

1329 166 1412 196 Nam
1430 171 1484 196 aut
1503 178 1600 206 parca
1617 171 1758 200 veritatis
1771 172 1847 201 reti·

1328 218 1401 238 nens
1416 214 1531 239 nostros
1547 212 1611 241 dies
1627 214 1718 242 librat
1734 215 1846 252 ‘equali

1328 253 1414 281 lance
1427 264 1436 280 .·
1460 256 1508 282 vel
1523 252 1745 290 horafidelibus
1759 268 1846 287 exor-

1329 298 1362 324 ta
1374 297 1514 334 partitur
1529 297 1561 325 in
1584 298 1657 326 duos
1671 309 1844 339 congruen-

117 329 424 382 Saturnumque
442 339 605 381 gravem
624 336 764 366 nostro
778 325 882 366 Jove
899 323 1127 380 frangimus
1145 323 1245 363 una.
1261 321 1318 362 50
1331 337 1376 367 tia
1403 340 1597 368 Geminorum
1612 340 1693 376 fata
1705 353 1714 369 .·
1739 344 1761 379 ἐς
1777 353 1845 372 ma-

114 384 272 428 Nescio
295 384 407 440 quod
432 381 540 423 certe
564 391 640 434 est,
673 382 785 438 quod
818 395 885 422 me
915 381 988 422 tibi
1011 389 1223 436 temperat,

294 451 423 482 trum.

1256 394 1317 421 ag-
1330 381 1445 422 lignum
1459 382 1625 411 Saturnum
1644 385 1764 422 puriter
1779 395 1847 415 nos-

1335 428 1382 454 tro
1416 424 1492 454 Jove
1528 429 1740 463 temperamus.
1785 428 1846 458 Est

1329 467 1470 506 prqfecto
1505 468 1605 497 nescio
1635 470 1716 507 quod
1750 471 1847 509 sidus,

119 499 316 542 MILLE
337 498 560 540 hominum
582 496 754 552 specieS,
789 497 829 538 δε
850 510 981 538 rerum
1006 494 1183 536 discolor
1205 508 1415 548 usus.q210d
1448 521 1494 540 me
1530 511 1586 541 tibi
1629 513 1843 544 accommodae.

918 554 1060 584 Millenae
1085 559 1162 583 sunt
1187 552 1338 583 hominum
1357 554 1484 593 formae,
1507 554 1645 593 &carius
1657 564 1753 586 rerum
1765 562 1847 591 usus,

126 713 271 751 pectibus
301 722 389 751 pares
418 713 534 742 habere
562 712 590 740 ἃ
607 710 750 749 accipere
766 709 963 739 affectiones.

127 756 227 786 Notat
258 757 466 786 Casaubonus
497 755 663 791 Hebraeos,
687 753 819 791 quando
847 762 962 791 quem-

125 799 213 837 piam
237 800 328 829 alteri
355 799 497 828 amicum
526 797 661 826 indicare
691 795 818 833 volunt,
853 795 963 825 solitos

126 842 244 879 dicere,
267 842 349 871 filius
363 848 409 871 est
430 841 527 870 stellae
552 839 660 877 ipsius.
706 838 792 867 Vide
808 837 901 876 iufra,
924 838 964 868 ad

127 894 165 914 ea
183 886 288 922 verba,
313 885 409 913 nescio
422 884 503 922 quod
513 881 595 911 certe*
611 888 669 918 est,
693 882 750 910 Sec.

169 928 218 957 Ab
237 938 294 957 urio
306 927 403 956 sidere
416 926 499 964 duci]
524 925 676 955 Natalitio
701 924 820 953 scilicet
847 925 875 953 &
904 925 962 954 ho-

129 980 283 1009 roscop03
307 971 371 999 sive
385 969 464 1000 illud
480 971 520 998 sit
537 969 642 1005 Libra,
664 967 729 996 sive
745 967 889 998 Gemini.

128 1013 243 1043 Horat⁴
262 1014 314 1043 lib.
329 1014 360 1042 2.
373 1012 436 1042 Od.
452 1015 499 1043 17.

216 1054 382 1095 Utrumque
396 1061 530 1085 nostrum
545 1052 718 1083 incredibili
732 1054 818 1084 modo

218 1098 376 1129 Consentit
391 1104 514 1129 astrum.

172 1143 224 1173 47.
248 1141 365 1172 Nostra
379 1141 426 1171 vel
441 1141 562 1181 (equali,
579 1138 648 1182 nge]
672 1140 706 1170 ld
720 1146 778 1177 est,
796 1142 844 1171 vel
860 1140 964 1172 fatum

130 1186 270 1225 aequavit
287 1193 392 1215 nostra
408 1191 553 1223 tempora
567 1196 576 1221 ς
600 1185 649 1214 vel
664 1184 785 1214 eaedem
796 1185 965 1215 constella-

129 1229 231 1258 tiones
248 1235 361 1259 nostra:
375 1229 545 1258 amborum
561 1229 634 1257 vita:
661 1226 877 1266 praesidentes,
894 1236 963 1257 eas-

129 1272 252 1301 demin
269 1273 359 1301 nobis
385 1271 581 1308 affectiones,
606 1270 716 1300 eadem
739 1269 854 1308 studia,
876 1280 964 1300 sum-

130 1324 218 1344 mam
245 1315 429 1345 animorum
451 1314 717 1353 conjunctionem
738 1314 765 1343 Sc
782 1314 963 1344 consensio-

131 1366 207 1387 nem
225 1358 366 1396 pariunt.

173 1399 285 1439 Libra]
330 1399 426 1431 Libra
452 1401 610 1441 aequitatis
636 1399 821 1440 symbolum
851 1404 900 1429 est
928 1410 964 1430 ac

123 1443 271 1481 justitiae.
316 1443 374 1474 Est
391 1446 418 1474 ἃ
435 1444 567 1474 Zodiaci
581 1444 723 1483 signum,
747 1443 835 1482 quod
850 1444 895 1473 sol
911 1453 964 1483 ag-

131 1496 250 1525 gressus
263 1487 343 1517 circa
355 1488 441 1517 diem
456 1488 652 1526 Septembris
665 1486 850 1516 vicesimam
863 1487 963 1526 etqui-

131 1530 278 1560 noctium
291 1529 366 1560 facit
380 1531 586 1560 autumnale.

131 1572 248 1602 Horat.
269 1573 323 1602 cit.
336 1573 392 1603 lib.
410 1575 440 1604 2.
458 1573 520 1603 Od.
537 1576 588 1604 17.

215 1615 275 1645 Seu
288 1615 395 1654 Libra,
416 1626 469 1647 seu
484 1626 529 1646 me
542 1615 683 1654 Scorpius
693 1615 803 1656 aspicit

215 1659 449 1698 Formidolosus,
468 1669 543 1698 pars
555 1659 714 1688 violentior

218 1701 347 1731 Natalis
360 1701 450 1740 horae,
471 1712 535 1740 seu,
558 1703 607 1739 650.

132 1744 217 1773 Vide
230 1755 302 1784 quae
315 1755 394 1775 mox
410 1745 490 1775 infra
502 1745 540 1774 ad
554 1754 679 1784 vocem,
696 1745 846 1775 Geminos.

176 1788 227 1818 48.
252 1788 356 1817 Parca
372 1792 465 1818 tenax
480 1788 558 1826 veri]
596 1788 713 1818 Fatum
740 1787 967 1819 ineluctabile:

132 1831 366 1861 indeclinabilis
383 1841 486 1862 rerum
513 1832 618 1869 series,
642 1837 679 1862 ut
695 1832 739 1862 ait
755 1831 965 1870 Chrysippus,

131 1874 211 1904 Deae
234 1874 375 1904 fatorum
400 1876 417 1904 a
444 1874 544 1904 Poetis
565 1874 732 1914 finguntur
753 1883 870 1905 sorores
896 1881 969 1914 tres,

130 1917 266 1956 Clotho,
281 1917 442 1956 Lachesis,
458 1918 607 1956 Atropos.
654 1918 762 1948 Prima
777 1918 903 1957 orditur,
919 1920 968 1949 in·

132 1962 206 1999 quit
228 1961 390 1999 Sidonius,
411 1961 545 1991 secunda
562 1960 655 1999 texit,
678 1961 867 1998 tertiufinit.

130 2003 243 2043 virgil.
257 2004 366 2043 Eclog.
379 2006 409 2034 4.

220 2046 311 2076 Talia
324 2049 412 2077 saecla
427 2047 489 2077 suis
501 2047 656 2086 dixerunt,
678 2049 802 2087 currite,
815 2047 905 2085 fusis

220 2089 387 2119 Concordes
399 2090 503 2119 stabili
507 2089 650 2127 fatorum
665 2090 798 2121 Numine
813 2091 930 2122 Parcae.

175 2132 235 2162 Seu
260 2136 336 2162 nata
354 2132 501 2168 fidelihus
528 2131 616 2172 hora]
652 2134 742 2164 Hora
770 2135 834 2174 qua
860 2135 969 2165 fideles

133 2176 230 2206 amici
245 2179 433 2214 nascuntur,
457 2176 624 2215 aequaliter
640 2177 731 2206 nobis
748 2179 883 2217 partitur
899 2187 969 2208 om-

133 2228 200 2248 ma.
773 2230 779 2239 ¹

176 2263 230 2292 49.
244 2261 399 2300 Geminos]
425 2262 547 2291 Gemini
564 2264 674 2294 Castor
690 2265 718 2293 3(
735 2262 869 2302 Pollux,
887 2274 969 2304 quos

134 2304 253 2344 magna
269 2305 439 2335 concordia
455 2306 583 2344 vixisse,
600 2307 823 2344 regnasseque,
842 2308 869 2336 δι
887 2309 970 2337 inter

133 2348 234 2377 sidera
250 2348 363 2378 relatos
378 2348 569 2379 fabulantur.
628 2350 735 2378 Aiunt
751 2349 842 2387 porro
859 2351 968 2381 Astro-

133 2390 199 2429 logi
213 2391 273 2420 sub
289 2391 439 2421 Geminis
451 2393 477 2420 Sc
497 2391 591 2422 Libra
606 2398 695 2423 natos
712 2392 830 2421 amicos
844 2393 925 2431 fieri,
939 2395 967 2423 ἃ

132 2434 312 2463 consentire
336 2435 370 2463 in
392 2433 506 2464 studiis
522 2435 551 2464 δε
575 2434 808 2465 affectionibus,
854 2435 969 2466 Manil.

132 2475 188 2505 lib.
203 2478 234 2506 2.
250 2477 290 2506 de
306 2477 456 2507 Geminis
469 2478 512 2506 sic
526 2478 643 2508 habet:

176 2519 317 2560 Ilsagnus
339 2521 396 2549 erit
426 2519 561 2549 Geminis
587 2531 671 2551 amor
695 2523 718 2559 cg·
741 2522 900 2552 concordia
915 2523 970 2552 du-

129 2562 214 2599 ple-r.
259 2564 312 2593 De
328 2563 422 2593 Libra
434 2563 522 2600 vero,
537 2563 611 2593 ibid.

224 2604 363 2645 Quosque
378 2606 492 2635 dubunt
508 2604 601 2634 cheloe
618 2607 663 2646 [id
677 2613 724 2638 est
736 2607 846 2646 Libra]
860 2610 883 2645 ἐς
899 2617 971 2647 quos

263 2649 318 2678 dat
331 2648 487 2687 Aquarius
501 2652 596 2686 ortus,

226 2689 324 2720 Unum
334 2696 443 2730 pectus
458 2690 579 2730 habent,
591 2692 729 2731 fideique
741 2693 888 2724 immobile
904 2695 969 2724 vin-

263 2736 351 2764 clum.

138 2775 179 2806 Et
191 2775 245 2805 lib.
260 2778 290 2807 5.

220 2818 310 2849 Felix·
324 2825 442 2862 aequato
453 2820 578 2863 genitus
592 2822 645 2852 sub
656 2822 791 2860 pondere
805 2823 914 2853 Libroe.

179 2860 333 2900 Duorum]
363 2862 503 2895 Quidam
530 2866 656 2904 legunt,
680 2865 827 2903 Deorum,
850 2867 971 2896 scilicet

136 2903 285 2943 Castoris,
308 2907 336 2934 δε
352 2905 501 2938 Pollucis.
546 2908 672 2939 Utrovis
687 2908 783 2938 modo
799 2909 896 2948 legas,
910 2920 968 2948 pe-

137 2947 225 2976 rinde
240 2953 300 2978 est.

181 2991 231 3020 50.
257 2990 480 3031 Saturnumque
488 2994 630 3034 gravem]
668 2994 825 3023 Infestum
840 2994 925 3024 sidus
941 2997 970 3025 Sc

136 3033 278 3063 noxium
306 3035 346 3064 ob
362 3034 579 3076 frigiditatem,
602 3038 779 3067 siccitatem
797 3039 824 3066 &
844 3039 972 3069 tardita-

135 3079 212 3106 tem.

1005 709 1117 739 Horat.
1133 709 1187 740 lib.
1203 710 1236 741 2.
1254 709 1317 740 od.
1336 712 1386 741 17.
1401 709 1504 740 citatis
1514 711 1582 748 jam
1597 720 1604 740 ε

1348 768 1434 777 -—-
1450 752 1489 782 Te
1502 754 1590 784 Jovis
1603 752 1697 793 impio

1099 795 1210 825 Tutela
1226 797 1356 826 Saturno
1367 796 1524 837 refulgens

1093 839 1232 878 Eripuit.

1008 881 1152 921 Propert.
1169 883 1223 912 lib.
1239 884 1269 912 4.
1284 882 1377 922 Eleg.
1398 884 1426 912 1.

1093 925 1265 964 felicesque
1276 926 1363 955 Jovis
1376 926 1497 964 stellas,
1515 927 1693 966 Martisque
1710 927 1844 973 ropac-23>

1091 968 1137 998 Et
1147 979 1243 1009 grave
1254 969 1382 998 Saturni
1391 969 1475 999 sidus
1490 971 1521 999 in
1534 980 1619 1000 omne
1631 974 1735 1009 caput.

1005 1011 1158 1043 Juvenal.
1177 1014 1241 1042 Sat.
1257 1012 1286 1042 6.

1322 1055 1404 1090 Quid
1417 1056 1501 1086 siclus
1513 1056 1601 1086 triste
1616 1057 1747 1087 minetur

1093 1099 1231 1129 Saturni.

1050 1141 1164 1172 Nostro
1179 1143 1256 1172 Jove
1259 1142 1441 1184 frangimus
1456 1143 1532 1182 mut]
1554 1143 1575 1175 J
1578 1143 1646 1173 ovis
1662 1143 1747 1174 sidus
1762 1144 1843 1175 amia-

1008 1194 1083 1215 cum
1103 1187 1131 1214 ἃ
1147 1187 1324 1225 propitium
1343 1188 1382 1216 ob
1399 1197 1492 1217 suam
1507 1187 1712 1225 temperiem,
1757 1187 1843 1218 Prin.

1006 1228 1061 1257 lib.
1077 1229 1108 1257 2.
1135 1239 1205 1268 cap.
1224 1229 1254 1259 8.
1299 1229 1428 1259 Saturni
1441 1230 1526 1260 sidus
1537 1230 1651 1270 gelidae
1665 1239 1702 1258 ac
1714 1230 1845 1269 rigentis

1006 1275 1135 1300 naturae.
1183 1272 1226 1302 Et
1240 1273 1337 1311 paulo
1352 1274 1422 1312 post
1434 1273 1474 1303 de
1486 1273 1570 1303 Jove
1584 1273 1642 1310 ait,
1664 1272 1782 1302 Martis
1794 1284 1846 1304 ar·

1007 1313 1079 1343 dore
1103 1315 1204 1352 nimio,
1229 1317 1251 1353 ᾀ
1271 1315 1372 1356 rigore
1398 1315 1539 1352 Saturni,
1561 1316 1754 1354 interjectum
1776 1326 1842 1346 am-

1007 1355 1110 1395 bobus,
1144 1368 1182 1388 ex
1218 1362 1344 1397 utroque
1382 1358 1545 1398 temporari
1579 1358 1698 1396 Jovem,
1728 1360 1847 1389 saluta-

1006 1401 1220 1439 remquefieri.
1265 1402 1409 1433 Macrob.
1435 1402 1475 1431 de
1502 1404 1613 1432 Somn.
1644 1402 1729 1441 Scip.
1742 1403 1797 1432 lib.
1818 1405 1847 1433 1.

1008 1451 1078 1481 cap.
1100 1444 1150 1474 19.
1177 1445 1347 1485 investigat
1357 1455 1416 1475 cur
1431 1445 1542 1475 Martis
1557 1446 1584 1474 Sc
1600 1444 1730 1474 Saturni
1745 1446 1844 1476 stellae

1006 1486 1113 1516 noxiae
1138 1486 1287 1518 dicantur
1310 1489 1338 1518 δι
1363 1488 1536 1527 maleficae3
1561 1497 1618 1518 cur
1643 1488 1660 1518 ὲ
1686 1490 1847 1520 contrario

1006 1537 1124 1568 magna
1144 1530 1235 1561 Jovis
1260 1540 1296 1561 ac
1312 1530 1454 1569 ‚Veneris
1476 1531 1654 1570 benignitas
1680 1531 1761 1560 inter
1776 1532 1846 1562 Ge-

1007 1573 1186 1603 nethliacos
1200 1574 1377 1604 habeatur:
1403 1575 1432 1604 ὅ(
1447 1574 1605 1604 rationem
1617 1573 1710 1603 affert
1725 1573 1845 1605 deduc-

1008 1619 1074 1644 tam
1090 1615 1108 1645 ὲ
1125 1618 1279 1655 numeris,
1296 1627 1397 1656 quam
1409 1616 1497 1656 apud
1511 1626 1617 1647 unum
1631 1616 1845 1650 Ptolemaeum

1007 1659 1134 1696 reperiri
1150 1660 1287 1690 affirmat
1302 1660 1433 1690 ibidem.

1051 1700 1249 1743 Frangimus]
1287 1703 1454 1742 Benignus
1468 1703 1491 1734 J
1493 1704 1560 1733 ovis
1573 1709 1720 1742 aspectus
1734 1705 1847 1735 avertit

1009 1752 1045 1774 ac
1070 1745 1202 1776 discutit
1228 1746 1463 1786 malignitatem
1493 1746 1627 1777 Saturni
1652 1747 1728 1776 alias
1755 1747 1850 1777 valde

1009 1794 1161 1821 noelturl.

1055 1831 1107 1861 51.
1122 1831 1236 1862 Nescio
1251 1834 1332 1873 quod
1345 1834 1426 1864 certe
1443 1838 1502 1872 est,
1516 1831 1583 1872 ᾅο]
1600 1831 1847 1872 Quodcumque

1011 1874 1140 1904 tandem
1159 1877 1198 1906 sit
1220 1877 1237 1906 ὲ
1252 1878 1404 1907 sideribus
1418 1877 1646 1914 amicantibus,
1670 1877 1757 1915 quod
1774 1886 1848 1907 nos-

1012 1922 1065 1946 trae
1092 1919 1220 1956 praefuit
1245 1921 1416 1958 nativitati,
1440 1920 1577 1958 vitaeque
1602 1924 1716 1949 nostrae
1744 1925 1848 1958 partes
1878 1921 1880 1923 ’

1012 1968 1048 1989 ac
1065 1966 1213 2000 tempora
1228 1963 1342 1992 similia
1354 1963 1440 2001 facit,
1456 1969 1581 1992 certum
1594 1969 1641 1992 est
1654 1962 1787 2001 aliquod
1803 1973 1847 1993 ex

1012 2002 1075 2033 illis
1101 2005 1191 2034 nobis
1216 2005 1382 2043 affulsisse,
1406 2007 1445 2036 ab
1467 2015 1506 2035 eo
1530 2015 1588 2035 nos
1607 2006 1684 2045 regi,
1707 2005 1849 2039 alterum

1012 2046 1103 2076 alteri
1115 2050 1333 2088 attemperari,
1358 2050 1385 2079 ὅ(
1402 2049 1469 2079 fieri
1486 2058 1543 2079 nos
1558 2058 1615 2087 per
1631 2047 1711 2078 illud
1727 2048 1760 2078 in
1777 2059 1847 2079 om-

1012 2089 1108 2120 nibus
1119 2091 1296 2127 simillimos
1313 2094 1342 2123 ἂ
1357 2092 1648 2130 conjunctissimos.
1693 2090 1774 2122 Vult
1786 2092 1848 2123 Ca-

1011 2133 1174 2164 saubonus
1191 2141 1336 2165 mentem
1350 2145 1418 2165 non
1433 2145 1499 2165 esse
1512 2135 1619 2172 Persii,
1631 2135 1847 2174 horoscopum

1011 2177 1166 2207 eumdem
1182 2179 1243 2216 ipsi
1260 2180 1288 2208 Sc
1305 2178 1454 2209 Cornuto
1469 2178 1579 2216 fuisse,
1590 2178 1647 2216 qui
1662 2177 1781 2207 diversa
1797 2178 1849 2208 fu-

1011 2220 1095 2250 erint
1107 2222 1220 2259 aetatis,
1243 2222 1297 2251 sed
1314 2222 1413 2252 videri
1434 2220 1620 2258 dumtaxat,
1643 2221 1684 2250 ob
1698 2220 1850 2251 similitu-

1010 2261 1120 2293 dinem
1155 2264 1235 2294 inter
1264 2275 1318 2295 eos
1348 2274 1478 2295 morum
1507 2274 1543 2294 ac
1571 2264 1642 2293 vitae
1675 2272 1850 2295 summam.

1011 2304 1137 2336 Verum
1160 2309 1291 2338 strenue
1318 2314 1476 2347 repugnat
1491 2307 1670 2344 Marcilius,
1694 2307 1848 2338 ostendit-

1012 2355 1078 2386 que
1093 2350 1184 2380 variis
1200 2352 1371 2390 exemplis,
1395 2360 1462 2380 non
1474 2359 1609 2387 coaevos,
1633 2349 1719 2379 idem
1736 2355 1848 2381 tamen

1012 2390 1074 2420 dici
1088 2392 1236 2423 habuisse
1251 2395 1409 2425 natalium
1426 2392 1510 2423 sidus
1523 2405 1529 2423 z
1555 2399 1592 2423 ut
1606 2392 1848 2425 Hermodorum

1010 2442 1048 2462 ac
1062 2434 1322 2467 Demosthenem
1335 2449 1342 2467 :
1370 2436 1603 2467 Archilochum
1618 2437 1647 2465 δε
1660 2435 1849 2478 Pindarum,

1013 2478 1073 2507 Sec.
1120 2478 1288 2519 Quicquid
1315 2481 1368 2518 sit,
1403 2480 1519 2509 saltem
1549 2484 1676 2509 constat
1705 2481 1851 2518 potuisse

1011 2528 1102 2558 pares
1114 2523 1255 2553 siderum
1270 2524 1396 2562 aliquot
1409 2527 1556 2561 aspectus
1569 2531 1734 2554 occurrere
1744 2524 1775 2553 in
1793 2534 1848 2555 na-

1012 2564 1127 2594 talibus
1150 2564 1287 2596 Cornuti
1311 2568 1339 2596 ὅ(
1363 2566 1472 2603 Persii,
1493 2565 1640 2602 quamvis
1664 2571 1758 2596 aetate
1782 2577 1850 2599 non

1012 2608 1207 2645 aequalium:
1250 2610 1279 2638 ἃ*
1310 2610 1372 2638 hoe
1402 2608 1518 2638 sufficit
1547 2608 1589 2638 ad
1617 2609 1850 2648 explicandum

1012 2652 1183 2681 commode
1209 2652 1284 2682 satis
1310 2652 1418 2681 locum
1446 2651 1537 2681 hunc
1562 2651 1714 2681 Auctoris
1738 2654 1845 2685 nostri.

1013 2690 1099 2722 Nam
1127 2695 1232 2733 primo
1258 2694 1298 2724 de
1325 2695 1420 2724 Libra
1450 2695 1478 2724 δι
1503 2694 1664 2732 Geminis,
1688 2695 1779 2724 nulla
1803 2702 1851 2726 est

1012 2734 1191 2766 difficultas.
1237 2737 1365 2767 Deinde
1390 2737 1469 2776 quid
1486 2743 1571 2768 vetat
1597 2739 1694 2767 etiarn
1717 2738 1849 2776 Jovem,

1014 2779 1073 2816 qui
1105 2781 1187 2809 intra
1213 2780 1381 2811 duodecim
1411 2789 1572 2811 annorum
1597 2781 1750 2819 spatium,
1782 2790 1849 2820 quo

1013 2822 1183 2860 periodum
1199 2824 1344 2861 absolvit,
1366 2824 1412 2854 bis
1428 2824 1626 2863 peculiarem
1638 2823 1697 2852 sibi
1712 2823 1849 2854 domurn

1015 2866 1202 2904 ingreditur,
1227 2866 1283 2896 ubi
1298 2868 1441 2898 multum
1459 2867 1610 2906 praevalet
1627 2866 1774 2896 adversus
1789 2866 1849 2896 Sa-

1015 2913 1150 2938 turnum
1166 2908 1176 2938 ?

1059 2952 1110 2980 5²2.
1137 2951 1231 2981 Mille
1245 2951 1395 2983 hominum
1408 2952 1536 2992 species]
1563 2952 1639 2982 Jam
1656 2950 1778 2981 Persius
1795 2962 1851 2992 per

1013 2996 1289 3033 comparationem
1304 2996 1520 3032 dissimilium,
1542 2993 1702 3033 singulare
1716 2994 1852 3033 Cornuti

1014 3039 1087 3067 vitae
1113 3039 1306 3076 virtutisque
1331 3048 1434 3078 genus
1457 3036 1685 3067 commendare
1711 3038 1854 3078 aggredi-

1016 3087 1077 3110 tur.
1124 3080 1214 3112 Mille
1227 3081 1376 3112 hominum
1392 3081 1518 3121 species,
1543 3081 1602 3110 δίε.
1649 3079 1685 3110 ld
1699 3087 1757 3122 est,
1768 3082 1857 3112 varia
