1948 3281
713 100 901 144 PERSII
932 96 1151 143 SATIRA
1182 97 1268 140 ΙΙΙ.

122 191 248 233 Anne
268 189 399 249 magis
422 189 551 233 Siculi
574 200 820 248 gemuerunt
841 206 920 232 aera
934 188 1105 246 juvenci
1130 205 1140 230 ε

121 250 176 291 Et
199 249 328 305 magis
351 249 498 291 auratis
522 249 702 304 pendens
726 249 979 305 laquearibus
1001 246 1108 289 ensis

125 307 347 361 Purpureas
372 307 507 348 subter
531 307 704 348 cervices
728 306 896 357 terruit3
931 306 1055 356 imus,

121 365 238 405 Imus
262 364 506 420 praecipites,
530 366 658 420 quam
682 364 715 405 si
737 364 809 406 sibi
835 364 968 414 dicat3

122 421 273 463 Palleat
297 422 438 463 infelix
463 424 574 478 quod
600 421 784 477 proxima
808 421 962 462 nesciat
986 419 1118 460 uxor?

121 479 245 534 Saepe
269 480 413 520 oculos
435 479 609 521 memini
631 479 839 536 tingebam
859 494 1003 534 parvus
1027 477 1153 527 olivo,

122 536 307 578 Grandia
329 537 361 578 si
386 537 537 578 nollem
561 537 747 579 morituri
772 537 889 578 verba
913 536 1085 577 Catonis

118 594 304 646 Discere,
329 595 378 635 ab
402 595 546 636 insano
570 595 752 636 multum
775 594 976 635 laudanda
998 593 1211 650 magistro,

1764 97 1845 141 295

1330 189 1377 219 An
1405 198 1443 218 ωε
1474 188 1556 218 tauri
1593 188 1689 219 Siculi
1715 189 1846 228 majores

1260 245 1317 287 40
1329 231 1426 260 edidit
1446 232 1599 271 gemitus:
1633 234 1655 269 ὃς
1676 233 1802 272 gladeus
1829 233 1844 260 ἐ

1330 274 1524 304 lacunaribus
1546 284 1620 304 auro
1641 275 1764 304 intectis
1777 286 1843 304 sus-

1324 316 1517 355 pensusplus
1527 317 1693 356 tremefecit
1706 318 1843 356 purpura

1328 364 1504 390 exornatum
1520 365 1610 398 capul
1623 361 1677 389 sub
1694 370 1738 399 se,
1751 371 1841 398 quam

1326 404 1354 432 si
1371 404 1442 442 quis
1455 404 1513 432 sihi
1525 403 1583 441 ipsi
1599 403 1753 440 inclamet,
1777 413 1845 432 cur-

1327 447 1432 484 rimus,
1465 447 1613 476 currimus
1642 447 1671 475 in
1708 446 1847 485 praecipi-

1329 490 1404 519 tium
1415 500 1429 525 ,·
1452 494 1542 529 atque
1558 490 1583 518 is
1599 490 1681 518 intra
1699 490 1843 528 scipsum

1259 536 1312 575 45
1328 534 1415 562 miser
1438 534 1620 562 extimescat
1644 532 1673 561 id
1700 532 1780 571 quod
1800 533 1848 571 ig-

1329 580 1414 605 noret
1429 578 1543 614 conjux
1555 577 1729 614 propinqua
1744 574 1757 604 .⁷
1786 575 1849 605 lee-

1328 619 1433 649 cordor
1449 620 1536 658 quod
1552 629 1610 658 ego
1627 628 1705 657 puer
1719 617 1845 648 linibam

1006 364 1045 404 δι
1068 361 1181 402 intus

108 663 296 702 frequenter
311 664 411 693 oculos
424 666 498 703 oleo,
522 665 642 703 quando
655 663 791 694 nolebam
806 663 950 693 memoriae
966 662 1111 692 mandare
1127 664 1209 693 dicta
1222 662 1336 703 grat-ia
1354 662 1481 692 Catonis
1495 663 1585 691 morti
1595 662 1742 701 proximi,
1757 661 1848 691 valde*

118 708 297 736 estimanda
315 709 333 737 (i
342 712 530 747 praeceptore
541 717 654 745 severo,

116 861 254 898 jecerint
269 860 434 898 virtutem,
458 869 524 890 rem
541 859 621 888 adeo
638 859 809 900 pretiosam
823 859 852 888 δε
869 867 956 888 ama-

122 904 232 934 bilem.

121 947 237 977 Horat.
253 947 308 977 lib.
322 948 353 977 3.
369 946 441 976 Ode
456 948 508 977 24.

199 990 346 1020 Virtutem
362 990 539 1020 incolumem
554 990 682 1029 odimus,

194 1032 354 1063 Sublatam
369 1044 406 1063 ex
421 1035 516 1063 oculis·
529 1035 688 1072 quaerimus
701 1032 808 1062 invidi.

121 1075 201 1106 Haec
223 1077 291 1115 ipsa
308 1084 354 1106 est
377 1086 473 1115 poena
489 1078 610 1115 damni,
634 1086 733 1116 quam
750 1077 784 1106 in
801 1075 958 1106 damnatis

117 1118 278 1159 Theologi
292 1127 483 1159 agnoscunt.

162 1163 215 1193 39.
239 1165 327 1193 Anne
348 1164 447 1203 *tnagis
468 1163 578 1202 S³culi]
601 1163 652 1193 Ne
679 1163 752 1193 vero
778 1163 847 1193 haec
871 1163 888 1192 a
905 1172 959 1194 me

119 1207 214 1245 gratis
243 1207 306 1235 dici
329 1213 421 1245 putet
446 1207 585 1245 aliqui33
610 1207 720 1236 omnia
735 1207 818 1236 certe
833 1207 957 1245 Tyran-

121 1258 239 1279 norum
265 1250 396 1279 inventa
421 1250 461 1279 ad
486 1250 672 1279 cruciandos
700 1250 859 1287 homines,
882 1250 960 1278 levi-

120 1302 175 1322 ora
191 1298 265 1322 sunt
281 1294 482 1323 conscientiae
510 1294 677 1323 tormentis
699 1293 890 1332 assiduoque
904 1293 959 1322 sti-

122 1336 228 1374 mulo,
253 1336 372 1374 quibus
389 1336 636 1375 interquiescere
659 1345 832 1374 nunquam
848 1336 959 1365 sinun-

122 1384 183 1408 tur.
238 1378 331 1408 Certe
359 1388 482 1417 quanto
514 1385 640 1417 praestat
669 1379 796 1408 animus
825 1379 959 1417 corpori,

122 1427 212 1453 tanto
228 1423 368 1461 graviora
392 1427 471 1452 sunt
493 1422 595 1452 animi
612 1422 755 1460 vulnera,
778 1431 877 1460 quam
894 1431 958 1451 cor-

122 1466 218 1505 poris.

169 1509 357 1538 Gemuerunt
386 1518 446 1538 (ενα
478 1509 620 1548 juvenci]
656 1509 872 1548 Metonymia,
895 1519 962 1548 pro,

124 1551 356 1590 ingemuerunt
393 1553 542 1582 homines
579 1552 697 1582 inclusi
736 1557 828 1582 tauro
867 1562 958 1584 aereo.

123 1594 255 1625 Perillus
281 1595 381 1624 Faber
398 1596 607 1625 Atheniensis
632 1595 789 1625 Phalaridi
807 1597 960 1636 Agrigen-

123 1638 268 1667 tinorum
294 1638 329 1667 in
357 1637 464 1667 Sicilia
491 1639 644 1677 Tyranno
669 1638 857 1669 fabricatum
885 1639 902 1668 ὲ.
928 1650 960 1669 se

125 1685 255 1711 taurum
283 1690 411 1710 aeneuni
440 1682 539 1719 dedit,
565 1683 597 1711 in
623 1691 689 1720 quo
714 1682 859 1720 subjecto
887 1683 961 1719 igne

123 1725 343 1754 cruciarentur
374 1724 532 1762 homines,
571 1726 599 1754 ἃ*
638 1724 777 1754 taurinos
816 1726 962 1764 mugitus

124 1767 336 1797 imitarentur.
385 1766 457 1805 lpse
481 1768 554 1797 vero
579 1767 709 1797 Artifex
735 1768 769 1796 in
796 1777 872 1797 eum
901 1769 961 1798 irn-

124 1810 239 1841 missus
256 1811 379 1850 primus
396 1811 470 1839 artis
495 1820 559 1840 suae
578 1811 757 1849 periculum
775 1809 862 1840 fecit.
908 1812 960 1842 De

122 1862 161 1882 eo
180 1854 262 1883 Plin.
285 1853 339 1884 lib.
353 1854 404 1882 [54.
431 1863 500 1892 cap.
519 1854 548 1883 8.
604 1852 754 1882 Perillam
782 1863 864 1882 nemo
895 1854 960 1884 lau-

121 1896 190 1934 dat,
214 1897 334 1936 inquit,
365 1896 516 1925 saeviorem
538 1896 707 1925 Phalaride
734 1895 886 1935 Tyranno,
910 1899 963 1936 qui

121 1944 243 1969 taurum
257 1939 355 1978 fecit,
385 1939 521 1980 mugitus
548 1939 674 1968 hominis
695 1940 866 1978 pollicitus,
888 1941 960 1980 igne

121 1983 241 2012 subdito
254 1994 267 2018 ,·
290 1984 313 2020 ξς
331 1982 448 2022 primus
462 1991 528 2012 eum
544 1987 688 2021 expertus
705 1982 871 2012 cruciatum
888 1984 960 2021 jus-

123 2026 201 2055 tiore
215 2026 346 2056 saevitia.

166 2071 220 2099 40.
257 2068 530 2107 Auratispendens
542 2069 734 2108 laquearibus
749 2068 844 2110 ensis]
883 2071 959 2100 Sus-

124 2121 244 2151 pensus
265 2113 282 2141 e
307 2113 450 2151 laqueari
474 2113 595 2152 gladius
618 2112 686 2142 set&⁴
701 2113 834 2151 equina,
857 2114 883 2142 Sl
900 2114 960 2142 im-

127 2156 256 2185 minens
271 2154 368 2193 capiti
384 2154 548 2184 Damoclis
568 2157 652 2193 apud
669 2155 865 2194 Dionysium
884 2157 971 2190 Sici-,

126 2198 175 2227 11ae
192 2198 395 2237 Tyrannum.
452 2197 537 2228 Nota
559 2199 688 2228 historia
715 2207 757 2227 ex
777 2199 843 2228 Cic.
861 2199 959 2229 Tusc.

125 2240 249 2273 Quaest.
269 2243 299 2270 5.
326 2240 466 2270 Macrob.
482 2240 521 2269 ad
539 2240 650 2270 Somn.
665 2239 834 2279 Scipionis,
856 2242 912 2272 lib.
930 2245 958 2272 1.

123 2293 195 2324 cap.
215 2286 266 2322 10,
291 2285 349 2313 διο.

168 2330 222 2357 41.
258 2327 434 2366 Purpureas
446 2328 549 2358 subter
563 2327 706 2365 cervices]
742 2327 830 2356 Mors
852 2328 960 2357 immi-

125 2380 205 2401 nens
219 2371 332 2401 terruit
348 2371 541 2400 Damoclem
558 2373 642 2410 regio
658 2377 773 2400 ornatu
788 2371 960 2410 amictum,

125 2415 184 2445 sub
201 2423 276 2443 ense
288 2414 344 2443 illo
360 2414 514 2452 positum.

168 2457 280 2497 Magis
296 2457 404 2485 terruit
422 2459 524 2496 quam,
548 2456 613 2495 ξε]
638 2456 673 2485 Id
692 2462 751 2494 est,
776 2455 846 2485 Nec
861 2455 959 2485 Peril-

125 2501 176 2531 lus
192 2509 325 2530 accenso
351 2506 442 2529 tauro
470 2509 559 2530 aeneo
585 2500 728 2529 inclusus
754 2499 961 2529 miserabilius

127 2544 264 2583 gemuit,
287 2552 346 2571 nec
365 2543 535 2572 Damocles
560 2543 788 2572 imminentem
804 2543 862 2571 sibi
878 2551 960 2571 mor-

126 2593 193 2616 tem
220 2586 475 2615 animadvertens
505 2586 605 2624 magis
641 2585 824 2622 exhorruit,
861 2585 961 2623 quam

126 2633 294 2667 torquetur
309 2630 479 2658 sceleratus
505 2629 627 2658 intimis
643 2628 744 2657 animi
759 2628 961 2666 cruciatibus,

127 2673 201 2701 cum
218 2672 373 2701 scelerum
390 2672 530 2701 stimulis
544 2673 571 2701 δι
586 2671 673 2700 furiis
685 2671 832 2710 agitatur.

170 2714 266 2750 Imus,
289 2714 372 2748 Imus
381 2715 569 2753 praecipites]
592 2714 724 2753 Egregia
738 2714 961 2752 Prosopopoeia

129 2757 275 2796 Tyranni
300 2759 504 2787 cOnSCientiae
531 2757 663 2796 flagellis
680 2758 707 2785 ἃ·
726 2758 892 2786 tormentis
907 2757 958 2786 ad-

127 2800 211 2837 acti3
237 2799 354 2838 quibus
377 2809 489 2830 secum
518 2801 585 2839 ipse
609 2801 642 2828 iu
665 2799 796 2829 sum'ma
817 2800 960 2839 despera-

128 2843 228 2880 tione,
251 2842 352 2870 dicat:
390 2852 502 2873 actum
524 2850 571 2872 est
594 2843 633 2871 de
659 2842 761 2879 nobis,
786 2843 960 2880 praecipita-

128 2895 216 2922 mur,
253 2886 405 2923 perimuS,
439 2887 529 2916 omni
564 2886 673 2915 salutis
708 2894 769 2923 ope
804 2885 962 2914 destituti.

128 2928 277 2957 Tiberius
305 2928 391 2965 apud
423 2932 558 2959 ¹Sueton.
583 2939 653 2967 cap.
683 2928 735 2957 67.
784 2925 866 2959 Quid
891 2927 963 2967 sert}

129 2970 196 2999 bam
224 2970 316 3007 vobis,
343 2970 381 3000 P.
412 2971 448 3000 C.
482 2976 536 3001 aut
565 2971 709 3010 quomodo
735 2969 878 3007 scribam,
911 2973 966 2999 aut

129 3013 204 3051 quid
217 3013 335 3042 omnino
357 3023 416 3042 non
435 3014 565 3043 scribam
587 3015 641 3043 lzoc
657 3013 811 3052 tempore?
848 3012 906 3041 Dii
921 3022 967 3042 me

130 3056 263 3094 Deaeque
279 3056 371 3094 pejus
396 3057 540 3095 perdant,
574 3058 665 3096 quam
700 3056 836 3096 quotidie
866 3056 968 3095 perire

129 3099 238 3138 sentio,
261 3099 288 3128 si
309 3099 379 3129 scio.

1045 859 1097 888 49..
1112 857 1204 888 Intus
1213 855 1354 898 palleat]
1369 858 1448 888 Vox
1460 867 1538 898 una,
1549 857 1685 897 palleat,
1700 868 1756 897 pro
1771 858 1848 889 dua-

1001 902 1073 940 bus,
1090 908 1126 931 ut
1142 902 1284 931 observat
1301 901 1521 931 Casaubonus.
1572 901 1639 931 Nec
1667 903 1755 932 enirn
1783 903 1847 941 pal-

1000 946 1051 974 lor
1066 945 1151 975 intus
1169 953 1237 984 est3
1266 945 1421 984 significat
1438 946 1545 985 igitur,
1569 945 1653 975 intus
1670 946 1794 984 timeat,
1820 947 1848 975 6:

1000 988 1075 1018 foris
1091 989 1219 1027 palleat.

1044 1033 1096 1062 4³3.
1125 1032 1213 1065 Quod
1228 1032 1370 1071 proxima
1385 1032 1501 1062 nesciat
1516 1031 1606 1070 uxor]
1641 1031 1709 1061 Nec
1734 1031 1851 1071 flagiti-

1002 1084 1072 1113 um,
1097 1081 1226 1114 propter
1242 1075 1330 1114 quod
1351 1075 1549 1115 expallescit,
1575 1084 1633 1104 nec
1649 1082 1848 1106 tormentum

1003 1128 1069 1158 quo
1089 1124 1216 1158 urgetur
1228 1129 1263 1148 ac
1280 1119 1462 1156 intabescit,
1476 1119 1573 1148 audet
1587 1127 1663 1147 cum
1681 1128 1851 1158 quoquam

1001 1162 1255 1200 communicare,
1274 1162 1358 1191 unde
1375 1163 1475 1200 magis
1490 1168 1668 1200 torquetur.

1004 1206 1098 1235 Ovid.

1045 1248 1234 1289 Strangalat
1251 1249 1384 1278 inclusus
1397 1248 1491 1286 dolor,
1510 1250 1532 1285 ξς
1543 1258 1594 1277 cor
1607 1251 1718 1277 aestuat
1732 1246 1824 1278 intus.

1005 1292 1149 1323 Credunt
1167 1293 1317 1321 nonnulli
1338 1293 1481 1322 allusisse
1507 1291 1546 1321 ad
1574 1292 1766 1330 Dionysium
1787 1292 1854 1332 Ty-

1003 1345 1155 1373 rannum,
1180 1336 1238 1373 qui
1260 1344 1319 1364 nec
1337 1336 1429 1365 uxori
1455 1344 1513 1364 nec
1539 1334 1644 1363 liberis
1660 1334 1854 1366 confidebat.

1004 1377 1099 1408 Porro
1117 1388 1157 1407 ex
1172 1378 1220 1406 his
1236 1377 1312 1407 mira
1327 1383 1393 1408 arte
1408 1378 1531 1408 Persius
1548 1378 1670 1407 virtutis
1687 1379 1855 1408 excellen-

1004 1422 1082 1451 tiam
1097 1420 1248 1459 ostendit,
1264 1431 1306 1450 ex
1322 1430 1360 1450 eo
1377 1421 1533 1460 quod'illa
1546 1430 1650 1450 carere
1667 1421 1707 1450 sit
1718 1422 1855 1452 miserri-

1006 1474 1109 1494 mum.

1049 1510 1103 1538 44.
1129 1506 1215 1546 Saepe
1227 1509 1326 1537 oculos
1340 1507 1472 1545 memini,
1489 1507 1556 1545 ξφ]
1592 1507 1660 1547 Ego
1676 1517 1758 1546 puer
1774 1514 1854 1542 pue-

1006 1551 1076 1580 riles
1091 1551 1167 1581 olim
1183 1551 1410 1581 excusationes
1425 1551 1622 1589 quaercbam,
1643 1556 1677 1580 ut
1695 1552 1801 1581 studia
1817 1551 1854 1580 li-

1005 1599 1145 1624 terarum
1169 1595 1378 1632 laboremque
1394 1594 1617 1631 detrectarem,
1642 1598 1668 1624 sc
1688 1594 1749 1625 hoc
1768 1595 1856 1625 :etati

1005 1637 1243 1678 indulgendum
1258 1638 1403 1674 videtur,
1428 1643 1461 1667 at
1474 1644 1510 1667 tu
1527 1637 1582 1676 qui
1599 1637 1734 1675 puerilia
1749 1637 1852 1677 depo-

1005 1682 1109 1717 suisti,
1125 1682 1153 1710 &
1166 1681 1330 1719 sapientie:
1347 1681 1580 1719 przeceptajam
1596 1680 1753 1719 delibasti,
1770 1681 1854 1711 certe

1006 1724 1183 1758 culuaberis
1199 1725 1226 1753 si
1241 1724 1280 1753 ad
1296 1724 1456 1761 ejusmodi
1470 1733 1572 1762 nugas
1588 1725 1614 1752 ἃ
1631 1725 1854 1755 excusationes

1007 1777 1102 1796 vanas
1127 1767 1243 1796 iterum
1269 1767 1433 1805 convolas,
1458 1776 1500 1796 ne
1525 1767 1676 1796 virtutem
1702 1768 1730 1796 ἀ
1754 1768 1854 1798 bonas

1005 1809 1183 1849 disciplinas
1199 1810 1410 1849 amplectaris.

1052 1853 1219 1893 Tingebam
1244 1852 1335 1890 ‹aliz-o]
1372 1853 1424 1881 Ad
1452 1852 1669 1882 simulandam
1687 1853 1854 1892 lippitudi-

1006 1905 1095 1933 nem,
1110 1906 1184 1925 nam
1202 1903 1236 1925 ut
1251 1896 1295 1924 ait
1311 1902 1402 1925 vetus
1419 1895 1588 1934 interpres,
1603 1895 1684 1924 oculi
1697 1899 1760 1925 oleo
1776 1899 1853 1928 tacti

998 1939 1220 1976 perturbantur
1235 1939 1277 1967 ad
1293 1942 1418 1977 tempus.
1464 1938 1561 1971 Quod
1585 1939 1716 1976 quidem
1735 1940 1852 1971 intelli·

1005 1983 1159 2021 gendum,
1185 1983 1238 2021 (ut
1262 1981 1344 2010 bene
1362 1988 1475 2011 monet
1495 1981 1720 2021 Casaubonus)
1745 1982 1785 2012 de
1801 1984 1850 2014 in-

1004 2026 1124 2056 terioris
1140 2026 1228 2054 oculi
1243 2030 1350 2063 tactu3
1375 2025 1461 2060 alias,
1480 2025 1601 2054 nedum
1622 2025 1750 2054 laederet
1773 2035 1850 2056 ocu-

1004 2068 1063 2107 los,
1087 2069 1153 2099 imo
1173 2069 1311 2105 juvaret,
1327 2068 1473 2097 ciliorum
1491 2068 1692 2105 superficiem
1717 2069 1789 2098 oleo
1811 2069 1849 2099 li-

1001 2112 1080 2142 nire.
1125 2110 1296 2149 Quocirca,
1310 2120 1351 2140 ne
1366 2121 1444 2141 cum
1455 2111 1620 2140 nonnuliis
1634 2111 1731 2150 legas,
1746 2112 1849 2153 tinge-

1003 2155 1081 2185 bam.

1045 2201 1098 2228 45.
1126 2198 1266 2228 Grandia
1282 2198 1309 2228 si
1322 2197 1441 2236 nollem]
1465 2197 1515 2227 Ne
1530 2196 1716 2226 memoriter
1728 2197 1849 2229 discere

1002 2250 1128 2281 cogerer
1143 2241 1392 2271 declamationes
1407 2240 1561 2279 quadam
1582 2240 1687 2278 pueris
1703 2245 1776 2270 tum
1801 2241 1848 2271 fa·
1885 2243 1889 2245 “

1002 2285 1161 2323 miliares,
1196 2295 1225 2314 v.
1242 2295 1270 2324 g.
1316 2284 1533 2322 Etliopoeiam‚
1556 2284 1590 2312 in
1614 2292 1679 2321 qua
1703 2284 1849 2315 morituri

1001 2328 1134 2357 Catonis
1158 2328 1251 2357 verba
1267 2328 1539 2366 exprimerentur,
1562 2326 1637 2355 cum
1660 2325 1848 2358 deliberaret

1001 2371 1087 2408 apud
1104 2381 1149 2409 se,
1163 2371 1307 2400 satiusne
1318 2370 1397 2399 foret
1414 2370 1472 2399 sibi
1484 2369 1581 2398 vitam
1595 2368 1729 2407 eripere,
1746 2370 1847 2408 quam

1000 2414 1033 2442 in
1047 2423 1161 2444 manus
1179 2414 1308 2443 Caesaris
1324 2413 1468 2442 incidere>

1047 2456 1191 2497 Catonis]
1218 2456 1377 2485 Uticensis
1399 2454 1529 2492 nempe,
1557 2454 1615 2493 qui
1632 2458 1735 2492 partes
1751 2454 1846 2486 Pom-

1002 2500 1058 2537 pei
1072 2507 1213 2537 secutus,
1236 2500 1325 2528 hunc
1340 2499 1535 2527 debellatum
1554 2497 1676 2536 videns,
1694 2496 1794 2528 Uticae
1811 2500 1846 2529 in

1003 2543 1113 2572 Africa
1128 2552 1161 2571 se
1176 2544 1244 2580 ipse
1258 2542 1431 2572 interemit.

1004 2584 1058 2614 De
1072 2587 1134 2614 hoc
1150 2585 1303 2614 Lucanus
1318 2585 1373 2613 lib.
1394 2587 1421 2613 1.

1070 2627 1171 2657 Causa
1187 2627 1259 2657 Diis
1274 2627 1385 2656 victrix
1394 2626 1530 2666 placuit,
1545 2628 1600 2657 secl
1612 2627 1693 2657 victa
1711 2627 1833 2658 Catoni.

1004 2671 1033 2700 Is
1061 2678 1237 2709 antequam
1275 2679 1450 2700 moreretur
1486 2671 1624 2701 Platonis
1657 2671 1698 2701 de
1732 2672 1846 2701 animae

1003 2714 1242 2744 immortalitate
1256 2713 1432 2752 Dialogum
1449 2714 1614 2753 perlegisse
1626 2713 1742 2744 fertur:
1762 2713 1848 2744 unde

1004 2756 1137 2795 quidam
1162 2756 1352 2794 Interpretes
1376 2757 1415 2785 eo
1439 2756 1578 2787 referunt
1600 2757 1686 2796 quod
1708 2757 1752 2785 ait
1775 2757 1848 2787 Per-

1003 2801 1080 2836 sius,
1095 2798 1227 2837 grandia
1245 2798 1374 2827 Catonis
1387 2798 1488 2837 verba,
1503 2800 1593 2838 quasi
1608 2800 1663 2829 ille
1677 2799 1717 2828 de
1731 2799 1846 2829 animae

1004 2842 1245 2871 immortalitate
1268 2841 1371 2870 multa
1392 2842 1488 2872 etiarn
1514 2842 1656 2881 praeclare
1672 2851 1742 2871 tum
1759 2842 1849 2872 dixe-

1006 2884 1057 2921 rit,
1079 2893 1151 2922 quae
1177 2885 1385 2913 recitarentur
1410 2885 1428 2913 a
1454 2887 1580 2924 pueris:
1605 2885 1659 2914 sed
1676 2884 1759 2922 prior
1780 2894 1852 2915 sen-

1007 2928 1108 2956 tentia
1123 2926 1224 2956 verior
1240 2934 1300 2964 est,
1316 2928 1344 2956 &
1361 2927 1556 2958 doctioribus
1572 2927 1671 2965 magis
1685 2927 1810 2957 arridet.

1052 2969 1104 2999 46.
1124 2969 1251 3009 Insano]
1275 2970 1342 2999 Nec
1358 2971 1558 3009 interpretari
1573 2969 1676 3008 placet
1691 2970 1767 3007 acri,
1782 2979 1856 3001 mo-

1010 3021 1090 3049 τοςο,
1113 3014 1141 3042 ἀ
1170 3014 1324 3042 molesto:
1361 3014 1467 3042 multo
1493 3012 1612 3049 minim,
1647 3018 1684 3042 ut
1709 3013 1857 3052 quidam,

1010 3054 1099 3084 valde
1114 3065 1211 3094 sano,
1237 3056 1305 3093 sed,
1328 3057 1419 3094 quasi
1444 3055 1528 3084 male
1552 3064 1643 3092 sano,
1669 3055 1729 3093 qui
1754 3066 1856 3096 puero

1009 3098 1082 3128 ficte
1099 3099 1127 3129 ὗε
1143 3098 1290 3129 affectate
1306 3098 1452 3130 reci-tanti
1466 3097 1689 3137 applauderet,
1707 3099 1735 3129 Sc
1751 3100 1859 3139 pueris
