1934 3227
589 320 655 374 D.
696 320 891 374 JUNII
933 321 1337 375 JUVENALIS

412 489 877 570 SAT

998 491 1042 567 1
1167 446 1510 569 R'AE.

758 783 951 844 SATI
959 782 1084 843 RA
1130 784 1180 844 I.

114 914 366 989 SEMPER
398 961 473 1003 ego
502 947 660 988 auditor
698 948 888 988 tantum?
924 961 1192 1002 nunquamne
1229 962 1289 988 re·
1370 964 1745 1001 INTERPRETATIO.

312 1019 433 1046 onam

109 1020 308 1104 Vexatusp
316 1035 562 1103 toties'rauci
584 1062 782 1103 Theseide
807 1061 933 1103 Codri
951 1063 963 1103 ?

108 1120 288 1174 Impune
312 1135 405 1176 ergo
428 1119 531 1160 mihi
554 1119 775 1160 recitaverit
802 1119 867 1160 ille
888 1128 1059 1175 togatas,

108 1178 193 1217 Hic
217 1177 395 1232 Elegos?
431 1176 601 1231 impune
625 1177 731 1217 diem
756 1177 1054 1231 consumpserit
1075 1177 1219 1233 ingens

106 1234 342 1289 Telephus?
387 1244 455 1276 aut
479 1234 630 1275 sumini
656 1233 773 1286 plena
787 1234 874 1288 jam
898 1232 1079 1289 margine
1102 1234 1192 1275 libri

1348 1037 1419 1077 Ego
1435 1046 1476 1066 ne
1497 1039 1646 1077 perpetuo
1660 1038 1816 1069 ausculta-

1306 1082 1354 1108 tor
1369 1090 1422 1110 ero
1445 1080 1608 1110 dundaxat
1622 1081 1636 1109 .⁷
1657 1082 1819 1121 Numquid

1303 1123 1385 1152 nihil
1422 1133 1551 1162 unquam
1580 1125 1715 1162 reddam,
1755 1129 1819 1154 tam

1306 1167 1384 1204 sape*
1403 1167 1584 1206 eaeagitatus
1601 1167 1743 1197 Theseide
1759 1168 1819 1197 Co-

1308 1209 1355 1238 dre·
1370 1209 1520 1239 clamosi!
1542 1210 1647 1250 Igitur
1666 1210 1732 1239 sine
1748 1220 1816 1248 po’-

1265 1236 1288 1275 5
1308 1261 1348 1280 na
1363 1250 1436 1281 mihi
1451 1251 1639 1282 lectitaveric‘
1663 1252 1744 1282 alim
1759 1254 1815 1280 (7⁰-

651 1292 791 1330 moedias,
805 1290 887 1322 alius
901 1290 1031 1332 Elegias
1044 1291 1058 1321 .⁷
1088 1291 1162 1323 Sine
1172 1303 1267 1332 pa’na
1285 1293 1360 1324 diem
1376 1294 1495 1324 trit-erit
1511 1305 1641 1336 magnus
1659 1294 1818 1335 Telephus,

780 1388 1150 1421 ANNOTATIONES.

150 1456 180 1486 1.
195 1455 318 1496 Semper
330 1465 386 1496 ego
402 1452 555 1496 auditor]
570 1455 750 1486 Exordium
764 1465 806 1486 ex
820 1456 935 1495 abrup-

107 1503 152 1537 to,
165 1504 203 1530 ut
218 1498 281 1529 fere
297 1501 329 1529 in
347 1499 477 1529 Satiris:
503 1508 582 1529 narn
598 1500 631 1528 in
646 1499 714 1530 aliis
731 1498 936 1530 Po‘e'matibus

106 1549 153 1573 est
168 1543 277 1581 aliqua
292 1543 486 1582 praeparatio.

146 1583 311 1626 Audiam]
334 1585 551 1615 Recitantium
566 1585 685 1625 nempe
705 1585 814 1616 Romae
829 1586 938 1616 Po‘e'ta-

106 1637 190 1658 rum.
233 1629 286 1659 De
301 1639 365 1668 qua
381 1628 530 1658 recitandi
542 1629 775 1659 consuetudine
792 1630 821 1658 δε
836 1638 937 1659 aemu-

105 1670 226 1701 latione
240 1671 362 1701 Plinius
378 1671 504 1701 abunde
516 1671 618 1711 Epist.
637 1673 686 1702 13.
705 1673 723 1702 1.
741 1674 769 1702 1.
814 1672 867 1702 De
883 1682 937 1711 ap-

106 1719 220 1751 paratu
235 1715 309 1743 vero
325 1715 354 1745 ec
369 1715 488 1752 pompa
503 1723 559 1744 nos
574 1714 643 1745 fuse
666 1724 796 1754 agemus
820 1715 859 1743 ad
875 1716 940 1753 pri-

106 1765 195 1786 mam
221 1756 314 1786 Persii
341 1757 477 1787 Satiram
502 1766 580 1787 vers.
610 1759 659 1787 17.
675 1758 714 1786 ad
730 1758 797 1787 haec
823 1757 916 1787 verba
929 1769 936 1787 :

105 1797 182 1828 Sede
194 1799 279 1839 leges
292 1798 384 1829 cetea.

148 1842 355 1881 Nunquamne
371 1851 515 1881 reponam
528 1840 560 1883 J]
578 1842 712 1872 Nihilne
726 1847 783 1873 aut
795 1843 940 1880 scribam,

105 1891 161 1915 aut
177 1886 325 1924 recitabo,
349 1895 416 1924 quo
433 1895 488 1924 par
504 1887 571 1923 pari
595 1884 728 1915 referam
745 1886 782 1916 iis
806 1887 865 1925 qui
889 1895 942 1915 me

104 1928 218 1967 saepius
233 1928 430 1959 obtundunt.

148 1972 178 2000 2.
200 1971 335 2001 Vexatus
351 1968 469 2011 toties]
490 1970 639 2001 Molestia
655 1970 798 2001 affectus.
829 1971 942 2002 Horat.

105 2013 145 2042 ad
160 2014 295 2044 Pisones.

106 2055 270 2086 Indoctum
283 2057 462 2096 doctumque
464 2055 568 2097 fugat
581 2058 729 2086 recitator
741 2056 883 2086 acerbus.-

109 2097 204 2131 Quem
217 2100 284 2128 veri>
297 2100 441 2137 arripuit,
451 2103 534 2128 tenet
549 2100 720 2138 occiditque
736 2099 876 2139 legendo,
889 2103 939 2138 ε’)-ε,

155 2140 324 2182 Theseide]
350 2143 400 2171 De
414 2142 541 2172 Theseo
554 2145 692 2182 ejusque
715 2143 803 2172 sactis
820 2142 942 2173 Codrus

108 2182 247 2214 Carmen
269 2186 433 2222 scripserat
456 2185 536 2214 adeo
551 2185 697 2225 longum,
718 2192 754 2216 ut
770 2184 941 2216 AEneidem

107 2233 248 2266 aequaret
260 2227 478 2266 longitudine,
491 2228 666 2266 multisque
680 2229 791 2258 diebus
808 2229 941 2258 recitan-

107 2270 187 2300 dum
210 2277 301 2300 esset.
346 2271 466 2300 Thesei
482 2270 628 2309 praeclare
652 2277 739 2311 gesta
762 2270 833 2299 vide
855 2271 943 2310 apud

107 2311 329 2350 Plutarchum,
356 2313 537 2343 Diodorum
561 2314 659 2343 Sicul.
683 2314 738 2343 lib.
758 2315 787 2342 5.
811 2322 837 2342 c.
855 2314 885 2343 5.
915 2316 943 2344 ὃς

109 2356 196 2385 alios.

155 2397 274 2438 Codri]
299 2399 402 2428 Vetus
423 2398 617 2428 Scholiastes
643 2399 719 2437 legit
748 2397 842 2429 Cordi
852 2410 861 2426 :
885 2399 943 2429 ait-

109 2450 174 2480 que
191 2442 323 2472 Cordum
337 2441 436 2471 fuisse
450 2442 603 2471 vitiosum
618 2441 763 2479 l'o'e'tam,
790 2442 848 2480 qui
864 2442 943 2472 Tra-

108 2484 243 2523 goediam
263 2484 383 2514 Thesei
397 2485 579 2522 composuit
593 2496 600 2512 ι
619 2485 672 2514 sed
685 2485 858 2514 reclamant
875 2495 944 2515 om-

110 2536 165 2556 nes
179 2538 188 2565 3
207 2529 235 2557 δε
251 2527 367 2557 volunt
377 2527 509 2556 Codrum
523 2526 611 2556 hunc
623 2528 736 2557 vixisse
749 2528 944 2565 temporibus

106 2569 287 2608 Juvenalis,
322 2570 485 2607 fuisseque
520 2569 680 2599 humilem
712 2572 739 2599 ἃ
771 2569 943 2600 obscurum

108 2609 252 2650 Po'etam,
266 2613 414 2642 caeterum
430 2619 497 2642 tarn
514 2621 703 2650 pauperem,
727 2617 764 2641 ut
780 2611 944 2642 proverbio

110 2654 219 2684 locum
236 2655 371 2693 dederit,
398 2653 496 2684 Codro
509 2655 686 2692 pauperior.
730 2654 846 2685 Talem
861 2655 945 2684 certe

111 2705 188 2726 eum
206 2702 297 2727 notat
308 2697 477 2727 Juvenalis
492 2698 558 2726 Sat.
574 2698 604 2728 3,
623 2707 653 2727 v.
669 2697 745 2727 203.
763 2699 790 2725 &
805 2697 945 2729 Martial.

110 2739 130 2767 1.
151 2740 185 2768 3.
199 2739 308 2779 Epigr.
328 2742 376 2769 15.

155 2782 187 2811 3.
207 2780 372 2823 Togatam]
398 2782 508 2813 Horat.
529 2783 568 2812 ad
585 2783 724 2813 Pisones.

154 2823 213 2854 Seu
227 2825 280 2863 qui
288 2828 472 2862 praetextas,
485 2835 538 2854 seu
553 2826 605 2864 qui
620 2824 746 2856 docuere
759 2829 894 2866 togatas.

111 2865 277 2896 Praeteaetae
293 2867 434 2896 indicant
449 2867 642 2908 Tragoedias,
665 2869 699 2898 in
715 2869 833 2907 quibus
853 2868 945 2899 indu-

111 2915 231 2938 cuntur
248 2918 387 2947 persona:
405 2914 600 2947 praetextatae
626 2913 654 2942 &
682 2910 813 2940 Nobiles
839 2914 946 2950 gravia

115 2951 144 2979 δε
159 2952 288 2990 publica
301 2957 469 2982 tractantes
484 2954 620 2994 negotia.
659 2954 784 2993 Togatae
795 2954 945 2984 dicuntur

114 2993 290 3024 comoedtae
308 2994 441 3030 Latinae,
457 2996 492 3025 in
507 2996 624 3034 quibus
647 3002 747 3036 agunt
762 2996 876 3036 Togati
887 2996 946 3026 Vi-

115 3036 153 3073 ri,
169 3038 197 3066 3<
209 3038 346 3076 privatas
361 3047 408 3067 res
423 3042 566 3069 tractant.
614 3039 661 3069 Ita
675 3039 773 3069 etiam
799 3038 947 3069 Palliatoe

115 3086 267 3110 vocamur
281 3079 397 3110 Graecae
412 3081 582 3111 Comoediae
601 3082 618 3112 a
634 3081 818 3112 Graecorum
836 3082 943 3122 pallio-

934 3122 971 3164 B

979 1455 1081 1486 Varro
1104 1457 1143 1486 de
1159 1456 1289 1498 Lingua
1305 1457 1429 1490 Latina.
1457 1458 1611 1490 Diomed.
1635 1457 1758 1489 Donat.
1781 1459 1815 1488 in

979 1498 1110 1530 Terent.

1023 1543 1052 1573 4.
1079 1541 1172 1573 Diem
1197 1542 1445 1585 consumpserit]
1479 1545 1579 1575 Mene
1605 1549 1707 1574 totum
1730 1544 1815 1574 diem

980 1586 1140 1616 audiendo
1156 1587 1329 1618 detinuerit
1343 1588 1353 1617 ?
1377 1587 1516 1618 Martial.

1068 1630 1206 1660 Auditur
1219 1634 1284 1660 toto
1298 1631 1375 1670 scepe'
1390 1631 1485 1660 Po'e'ta
1502 1631 1561 1660 die.

1023 1672 1142 1713 Ingens
1167 1673 1350 1713 Telephus&
1366 1671 1518 1714 Orestes]
1550 1672 1718 1703 Immensae
1740 1674 1817 1703 Tra·

982 1716 1091 1754 goediae
1108 1718 1135 1744 δε
1149 1717 1334 1754 ampullatis
1347 1718 1486 1747 versibus
1498 1722 1670 1746 contextae.
1695 1716 1817 1749 Quales

982 1760 1135 1797 arguebat
1152 1758 1302 1789 Horatius
1318 1761 1352 1789 in
1367 1760 1459 1797 Arte,
1474 1760 1522 1789 his
1536 1760 1636 1789 verbis
1651 1771 1657 1787 z

1029 1801 1176 1839 Telephus
1189 1804 1212 1840 ξς
1229 1802 1340 1832 Peleus
1354 1802 1421 1831 cum
1433 1812 1556 1841 pauper
1571 1805 1593 1839 ἒ)-
1608 1802 1681 1830 exul
1693 1806 1818 1841 uterque

1027 1842 1160 1881 Projicit
1177 1845 1342 1882 ampullas,
1357 1847 1380 1882 <S-
1395 1844 1620 1883 sesquipedalia
1635 1846 1737 1874 verba.

986 1883 1136 1917 Quorum
1160 1887 1283 1916 fuerint
1309 1887 1479 1917 Po'etarum
1502 1888 1576 1924 illae,
1601 1897 1669 1916 non
1685 1893 1817 1916 constat.

985 1928 1033 1957 At
1054 1936 1179 1959 certum
1207 1934 1254 1958 est
1280 1928 1387 1959 Poetas
1412 1930 1571 1959 Romanos
1592 1939 1712 1959 amasse
1726 1940 1816 1968 argu-

985 1978 1098 2001 menta
1122 1972 1139 2000 ὲ
1164 1973 1343 2011 longinquo
1368 1979 1487 2010 petere,
1513 1972 1612 2010 idque
1638 1974 1816 2002 etiamnum

985 2014 1053 2043 fieri
1075 2016 1246 2045 cernimus.
1293 2013 1390 2047 Quod
1413 2015 1642 2054 perstringebat
1667 2014 1819 2045 Horatius

985 2056 1025 2085 ad
1039 2057 1166 2088 Pisones
1184 2070 1190 2086 z

1027 2100 1096 2130 Nec
1110 2101 1265 2131 minimum
1280 2110 1412 2131 meruere
1425 2100 1515 2131 decus
1530 2101 1661 2141 vestigia
1679 2101 1786 2130 Graeea

1027 2143 1107 2173 Ausi
1121 2144 1268 2181 deserere,
1286 2146 1308 2181 ᾁ-
1324 2143 1475 2174 celebrare
1487 2145 1650 2173 domestica
1657 2143 1767 2181 sacia.

990 2185 1070 2224 Ergo
1085 2188 1180 2216 etiam
1199 2192 1262 2216 tem
1270 2196 1345 2225 pore
1356 2187 1377 2217 J
1382 2188 1524 2217 uvenalis
1541 2187 1642 2216 Poe'tae
1657 2187 1786 2225 qu'2dam
1801 2188 1819 2218 ὲ

985 2229 1076 2258 trivio
1092 2230 1284 2268 arripiebant
1296 2235 1483 2269 argumenta
1498 2230 1549 2259 illa
1562 2228 1745 2259 Graecorum
1761 2240 1818 2260 no-

988 2271 1076 2309 bilia,
1102 2273 1136 2302 in
1153 2273 1271 2311 quibus
1285 2273 1388 2302 multa
1403 2272 1543 2311 grandia,
1559 2271 1705 2310 quaedam
1721 2274 1817 2302 etiam

989 2314 1184 2344 admirabilia
1219 2315 1428 2345 occurrebant
1455 2315 1638 2344 celebranda
1665 2316 1818 2344 oratione.

986 2356 1034 2386 At
1049 2358 1084 2387 in
1097 2358 1157 2387 illis
1171 2358 1338 2387 tractandis
1354 2358 1435 2396 saepe
1448 2357 1622 2395 peccabant
1637 2366 1693 2385 seu
1709 2364 1820 2387 contra

987 2398 1140 2430 decorum
1153 2402 1241 2439 quod
1255 2406 1344 2430 notat
1358 2400 1510 2429 Horatius
1521 2400 1590 2429 loco
1601 2400 1695 2436 supra
1706 2401 1816 2430 citano:

987 2451 1043 2472 seu
1075 2448 1183 2472 contra
1210 2444 1332 2481 justam
1364 2442 1522 2472 Carminis
1548 2442 1820 2481 magnitudinem,

987 2485 1074 2524 quod
1089 2485 1143 2515 hic
1160 2487 1306 2524 queritur
1318 2485 1496 2515 Juvenalis.

1033 2529 1061 2556 5.
1090 2527 1264 2568 Telephus]
1291 2527 1440 2557 Herculis
1466 2537 1509 2556 ex
1530 2528 1626 2568 Auge
1642 2527 1735 2565 filius,
1762 2529 1819 2567 qui

987 2569 1090 2600 infans
1108 2572 1125 2600 a
1140 2577 1242 2600 matre
1252 2571 1420 2609 expositus
1435 2570 1515 2599 inter
1526 2571 1672 2610 virgulta,
1684 2572 1819 2601 lactatus

989 2613 1007 2641 a
1032 2615 1122 2645 cerva
1136 2614 1272 2642 dicitur:
1298 2622 1334 2642 ac
1356 2612 1432 2642 dein
1452 2612 1619 2650 Mysorum
1635 2612 1718 2651 Rex,
1744 2614 1818 2643 cum

989 2655 1107 2685 Graecis
1136 2660 1263 2694 negaret
1293 2655 1353 2684 iter
1378 2664 1434 2693 per
1457 2664 1549 2685 suam
1578 2656 1752 2694 regionem,
1779 2658 1819 2686 ab

988 2698 1118 2728 Achille
1144 2699 1336 2735 vulneratus,
1362 2699 1391 2728 ἅ.-
1418 2699 1456 2727 ab
1485 2698 1599 2728 eodem
1623 2707 1665 2727 ex
1689 2698 1822 2728 Oraculi

989 2746 1149 2778 praecepto
1165 2747 1291 2770 sanatus
1303 2746 1361 2778 est,
1375 2749 1432 2770 seu
1447 2741 1464 2771 ὲ
1478 2741 1624 2781 rubigine
1639 2741 1748 2779 hastae‚
1760 2751 1820 2771 seu

990 2792 1032 2813 ex
1048 2783 1151 2812 herbis
1163 2783 1246 2812 facto
1262 2783 1412 2813 remedio.

1033 2824 1134 2854 Plena
1142 2825 1213 2863 jam
1229 2824 1397 2866 margine]
1420 2824 1524 2855 Poe'tae
1542 2826 1603 2855 hoc
1618 2825 1738 2856 indicat
1752 2835 1820 2855 ver-

990 2868 1173 2904 bositatem,
1191 2868 1279 2907 quod
1295 2877 1359 2898 non
1375 2867 1477 2897 solum
1492 2869 1604 2898 scribat
1618 2869 1652 2898 in
1675 2868 1820 2898 interiori

991 2911 1188 2948 membrana,
1202 2911 1255 2940 sed
1271 2912 1298 2941 ἄ
1315 2911 1493 2950 marginem
1510 2911 1655 2949 impleat,
1670 2912 1698 2940 ἀ
1716 2919 1820 2940 mern-

991 2953 1124 2982 branam
1139 2954 1342 2991 exteriorem,
1357 2953 1445 2992 quod
1459 2955 1525 2983 raro
1539 2954 1643 2984 fiebat.
1681 2952 1820 2983 Martial.

990 2995 1063 3025 Lib.
1081 2996 1110 3023 8.
1128 2996 1278 3035 Epigram
1298 2997 1348 3026 62.

1032 3037 1144 3068 Scribit
1157 3039 1190 3071 in
1204 3038 1312 3069 aversa,
1324 3039 1436 3069 Picens
1450 3038 1688 3079 Epigrammata
1700 3039 1820 3075 charta,

1076 3081 1119 3111 Er
1137 3081 1218 3110 dolet
1232 3092 1335 3113 merso
1350 3081 1522 3122 quo-fluuit
1539 3081 1596 3111 illa
1611 3082 1685 3112 Deo.
