1948 3281
642 76 980 122 JUVENALIS
1012 75 1228 118 SATIRA
1259 76 1341 117 XI.

1781 70 1858 116 199

124 174 348 218 Noscenda
368 180 428 214 est
449 185 640 213 mensura
660 180 741 212 tuae
760 186 771 223 3
806 168 1108 224 spectandaque
1130 164 1248 207 rebus
1264 167 1317 206 35
1332 165 1392 196 ⁰⁷5⁸
1408 165 1452 195 ‘2⁶1'
1464 165 1655 197 ⁷”0d1‘lusesl
1671 167 1846 208 intelligen-

123 234 178 274 In
200 231 389 282 summis,
421 229 632 281 minimis3
666 228 787 270 etiam
810 242 907 268 cum
931 226 1053 280 piscis
1074 233 1247 265 emetur.

123 292 215 332 Nec
239 289 414 330 mullum
438 287 593 342 cupias,
626 287 724 327 cum
749 285 800 326 sit
823 284 895 325 tibi
917 282 1040 340 gobio
1063 280 1224 324 tantuin

127 348 177 388 In
198 346 343 387 loculis
363 362 373 386 ε
408 345 499 401 quis
522 345 634 386 enim
657 354 711 394 te,
744 342 955 383 deficiente
978 340 1204 389 Crumenfi,

121 405 185 446 Ex
208 412 411 445 crescente
434 403 546 459 gula,
578 410 716 442 manet
737 399 867 441 exitus
886 416 896 451 ;
930 413 1008 439 cere
1031 406 1213 452 paterno,

120 462 188 503 Ac
212 461 329 501 rebus
351 461 493 501 mersis
523 460 565 500 in
586 468 784 508 ventrem,
816 455 1005 505 foenoris,
1036 465 1157 508 atque

121 518 296 574 Argenti
319 517 468 574 gravis,
501 517 541 558 Sc
562 530 772 572 pecorum,
804 527 1076 570 agrorumque
1099 512 1317 574 capacem?

119 575 289 617 Talibus
312 577 337 616 a
358 575 538 616 dominis
560 582 651 630 post
673 581 823 614 cuncta
852 569 1102 613 novissimus
1125 578 1207 609 exit

119 632 336 684 Ammius,
371 633 410 674 δε
437 633 564 688 digito
587 630 792 673 mendicat
814 628 939 684 pollio
961 628 1091 669 nudo.

119 690 223 731 Non
247 691 479 744 praematuri
500 689 670 739 cineres,
701 702 776 728 nec
797 686 923 727 funus
945 684 1136 726 acerbum

118 747 333 799 Luxuriae,
367 749 435 789 sed
457 755 588 788 morte
609 744 740 800 magis
762 742 981 784 metuenda
1003 750 1205 783 senectus.

119 805 182 846 Hi
205 805 444 861 plerumque
466 804 613 860 gradus
632 819 644 854 3
677 801 883 842 conducta
904 799 1077 854 pecunia
1099 799 1261 849 Romae,

456 862 462 868 '
501 861 508 868 ’
886 857 989 898 Inde
1010 855 1081 897 ubi
1104 855 1272 910 paulum

118 920 277 962 Nescio
300 919 399 975 quid
421 927 617 974 superest,
643 917 683 958 δι
702 915 823 972 pallet
843 914 1015 956 foenoris
1033 923 1189 965 auctor,

119 976 207 1034 Qui
229 980 380 1018 vertere
402 976 554 1027 solum,
576 974 712 1026 Baias,
736 973 777 1014 gc
797 973 845 1014 ad
869 972 988 1015 Ostia
1008 979 1191 1013 currunt.

119 1034 276 1076 Cedere
289 1048 468 1090 namque
483 1031 669 1088 forojam
684 1046 770 1072 non
785 1030 858 1072 tibi
876 1028 1068 1081 deterius,
1086 1030 1215 1085 quam
1266 1028 1322 1069 50
1334 1026 1389 1056 ‘12⁴⁸
1429 1028 1634 1066 utplurimzzm.

118 1091 328 1148 Esquilias
351 1093 376 1132 a
396 1089 567 1133 ferventi
588 1088 760 1146 migrare
782 1087 976 1130 Suburra.

119 1149 196 1190 Ille
213 1149 329 1191 dolor
350 1149 461 1190 solus
483 1147 653 1204 patriam
675 1145 944 1202 fugientibus,
968 1144 1036 1186 illa

118 1206 328 1248 Moestitia
348 1215 424 1259 est,
446 1205 621 1247 caruisse
642 1218 751 1245 anno
775 1202 1041 1244 Circensibus
1062 1216 1164 1243 uno.

120 1264 342 1320 Sanguinis
365 1263 408 1304 in
430 1263 534 1305 facie
554 1277 641 1304 non
663 1262 788 1301 haeret
810 1269 955 1315 gutta3
993 1268 1205 1302 morantur

119 864 177 904 Et
199 877 336 903 coram
354 863 533 903 dominis
550 858 823 901 consumitur.

1333 210 1390 238 das
1411 211 1433 247 ‘S‘
1449 210 1682 239 considerandus
1706 212 1735 239 in
1752 221 1844 252 nego-

1334 252 1387 281 iiis
1401 252 1539 281 maximis
1563 254 1585 290 ᾇ
1610 253 1730 290 infimis,
1752 255 1843 284 etiam

1332 296 1452 332 quando
1460 295 1570 334 piscem
1584 296 1753 325 mercabere
1766 308 1777 329 ‚·
1793 308 1842 326 ne-

1332 347 1390 375 que
1416 339 1539 367 mullum
1560 342 1698 377 expetas,
1722 343 1841 376 quwirlu

1332 379 1362 408 in
1371 391 1446 418 pera
1459 381 1596 421 gobionis
1610 383 1748 420 pretium
1761 383 1841 411 (ium-

1333 427 1423 453 taxat
1439 424 1588 455 habueris.
1632 424 1714 454 Nam
1740 424 1846 454 loculis

1333 465 1497 504 exhaustis,
1513 470 1536 505 (ξς
1552 468 1721 497 voracitate
1738 469 1843 506 aucta,

1334 509 1472 546 quisnam
1510 516 1539 540 te
1575 511 1653 546 finis
1689 515 1844 549 expectat,

1329 557 1490 592 postquam
1508 554 1723 592 patrimonium
1745 556 1768 591 ἐς
1784 555 1844 588 fii-

1333 597 1465 625 cultates
1492 598 1652 637 ingesseris
1685 597 1715 625 in
1748 599 1846 627 alvum

1332 648 1429 668 usura>
1445 641 1468 677 ἐξ
1480 641 1602 680 argenti
1617 640 1713 678 rudis,
1735 641 1757 677 ἐξ
1768 651 1844 680 gre-

1327 691 1401 720 gum
1415 684 1437 720 {5
1449 684 1627 720 praea'iorum
1641 694 1785 713 voracem.
1816 685 1844 714 Α

1265 742 1317 782 45
1333 724 1460 754 dominis
1486 727 1632 764 ejusmodi
1651 731 1722 765 post
1745 728 1845 757 onznia

1333 766 1459 797 ultimus
1492 770 1556 798 urit
1582 772 1722 808 annulus,
1755 775 1847 810 atque

1334 810 1432 850 digito
1457 812 1586 850 spoliato
1610 813 1712 842 Pollio
1736 815 1845 852 stipem

1333 858 1433 893 rogat.
1478 855 1587 894 Neque
1612 867 1761 895 praecoces
1779 858 1842 894 fit-

1332 897 1425 934 villae,
1439 907 1533 937 neque
1548 909 1624 928 mors
1639 899 1726 929 luxui
1737 900 1844 930 moles-

1334 943 1372 969 tae
1394 947 1491 981 sunt3
1514 943 1613 972 veram
1633 948 1751 972 senecta
1771 944 1845 982 plus

1334 983 1433 1021 quam
1448 995 1524 1013 mors
1540 986 1669 1015 timetur.
1698 986 1842 1026 Istig‘ra-

1706 1029 1844 1059 Pecunia

1333 1069 1438 1100 Romoe
1452 1076 1578 1110 accepta
1593 1073 1609 1101 a
1623 1072 1845 1112 creditoribus,

1332 1117 1425 1152 atque
1435 1115 1632 1153 praesentibus
1647 1115 1773 1145 dominis
1791 1117 1844 1146 ab-

1331 1157 1460 1186 sumitur
1469 1169 1478 1185 .·
1503 1158 1571 1187 dein
1582 1159 1648 1188 caim
1662 1158 1759 1187 nescio
1770 1160 1846 1197 quid

1325 1209 1455 1238 parvum
1468 1205 1575 1239 restat,
1588 1205 1680 1239 atque
1692 1202 1844 1240 expalles-

1331 1243 1374 1271 cit
1391 1253 1487 1273 usurae
1509 1254 1674 1282 possessor,
1696 1251 1767 1274 tum
1790 1245 1844 1283 qui

1331 1290 1442 1315 terram
1477 1291 1640 1325 mutavere,
1676 1293 1842 1325 properant

119 1321 244 1362 Pauci
266 1320 503 1371 ridiculum,
528 1321 568 1361 &
588 1319 817 1374 fugientem
836 1332 885 1358 ex
908 1317 1005 1357 urbe
1027 1316 1240 1371 pudorem.
1264 1317 1315 1356 55
1331 1328 1428 1359 Baias
1458 1332 1480 1368 ις
1509 1330 1550 1359 ad
1583 1330 1682 1360 Ostia.
1733 1331 1845 1361 Forum

119 1380 198 1408 enim
213 1379 357 1417 deserere,
379 1388 459 1408 nunc
473 1379 528 1408 tihi
543 1377 625 1407 haud
640 1377 743 1415 pejus,
768 1385 860 1414 quam
875 1386 912 1405 ex
927 1376 1048 1405 ardenti
1059 1375 1194 1405 Saburra
1207 1375 1245 1404 ad
1264 1372 1425 1412 Esquilias
1441 1373 1578 1403 transire.
1624 1372 1656 1402 Is
1671 1383 1792 1413 ma‘ror,
1807 1385 1844 1405 ea

120 1422 251 1452 tristitia
264 1423 425 1451 dumtaxat
433 1421 539 1462 patria
555 1420 728 1451 cedentibus
741 1418 876 1459 inliceret,
891 1428 971 1450 anno
994 1428 1052 1448 uno
1068 1417 1258 1450 Circensibus
1275 1417 1405 1457 privari.
1452 1416 1612 1447 Ceterum
1629 1416 1661 1445 in
1674 1418 1760 1446 vultu
1782 1427 1843 1447 non

121 1468 224 1496 manet
238 1464 328 1495 stilla
340 1465 500 1506 sanguinis
510 1476 521 1495 .-

122 1592 247 1617 orator:
284 1587 430 1628 quisquis
451 1593 562 1620 autem
591 1588 700 1627 fueris,
723 1596 766 1617 ex
794 1597 954 1619 crumena:

123 1630 270 1669 modulo,
292 1632 400 1661 buccae
417 1634 445 1662 δε
461 1634 544 1672 gulae
559 1638 622 1662 tuae
639 1631 773 1661 modum
787 1640 883 1670 pone.

164 1674 217 1703 37.
241 1673 396 1715 Mullum]
419 1674 543 1705 Piscem
575 1676 762 1714 pretiosum.
809 1675 862 1704 De
890 1683 957 1715 quo

121 1716 193 1746 vide
209 1718 274 1747 Sat.
290 1718 321 1746 4.
344 1727 407 1748 ver.
429 1720 478 1748 15.
503 1719 531 1748 &
549 1717 614 1747 Sat.
630 1719 661 1748 5.
684 1725 747 1746 ver.
765 1716 816 1747 92.

167 1759 278 1798 Gabia]
303 1759 386 1790 Vilis
400 1761 583 1800 pisciculus.

164 1804 217 1832 41.
241 1802 380 1843 Argenti
399 1803 521 1844 gravis]
545 1803 620 1834 Non
638 1802 726 1842 facti,
749 1808 806 1835 aut
830 1804 958 1843 signati,

121 1845 211 1884 quod
227 1851 275 1875 est
289 1846 396 1876 adhuc
412 1848 447 1876 in
465 1856 580 1877 massa.
622 1846 704 1877 Vide
720 1846 802 1879 Coel.
820 1845 957 1886 Rhodig.

123 1888 181 1919 lib·
199 1890 250 1919 10.
273 1898 343 1927 cap.
358 1890 390 1919 2.

162 1932 215 1960 42.
255 1931 379 1961 Talibus
394 1934 412 1962 ἁ
437 1932 577 1970 dominis,
600 1932 666 1971 ᾁςσ]
689 1933 882 1963 Decoctores
911 1932 957 1961 illi

121 1980 193 2012 post
207 1974 268 2004 alia
282 1974 413 2005 tandem
431 1975 646 2015 oppignerant
666 1982 723 2006 aut
739 1976 886 2007 vendunt
900 1984 955 2005 an-

122 2017 242 2047 nulum
258 2027 321 2047 suae
338 2023 448 2048 notam
463 2018 647 2048 nobilitatis.

165 2061 215 2090 43.
242 2059 356 2098 Pollio]
379 2061 504 2091 Nobilis
520 2062 700 2092 helluator:
724 2071 765 2092 an
789 2062 865 2092 vero
882 2059 957 2092 Car·

121 2102 215 2132 vilius
231 2103 284 2132 ille
300 2102 413 2141 Pollio,
439 2105 494 2142 qui
511 2104 633 2143 prodigi
649 2106 678 2134 δε
695 2106 811 2145 sagacis
827 2104 866 2134 ad
879 2104 956 2134 lux-

121 2145 198 2174 uriae
216 2146 429 2175 instrumenta
443 2146 578 2185 ingenii,
601 2148 727 2186 quique
749 2147 953 2178 testudinum

120 2189 291 2226 putamina
302 2197 406 2218 secare
422 2188 456 2218 in
468 2189 614 2228 laminas,
637 2190 802 2230 lectosque
817 2191 845 2220 δε
863 2199 953 2229 repo-

120 2231 228 2260 sitoria
244 2231 293 2261 his
320 2232 432 2261 vestire
454 2232 605 2270 instituit,
627 2237 661 2262 at
682 2233 726 2263 ait
742 2233 823 2264 Piin.
848 2233 903 2263 lib.
921 2233 953 2264 9.

121 2282 191 2312 cap.
212 2276 262 2304 11.

164 2316 277 2357 Digito
293 2316 387 2356 nudo]
429 2317 499 2347 Nec
527 2318 615 2348 enim
631 2317 824 2357 Equestrem
849 2318 952 2357 digni-

120 2364 220 2390 tatem
246 2362 383 2400 ejusque
406 2361 529 2400 insigne
544 2361 704 2390 annulum
719 2360 872 2399 servabat,
894 2361 954 2391 nisi

121 2402 180 2441 qui
207 2402 352 2434 Censum
384 2403 576 2442 Equestrem
608 2403 776 2440 retinebat,
800 2404 954 2434 nimirum

120 2446 355 2486 quadringenta
380 2448 561 2477 sestertium
588 2447 709 2477 millia:
735 2452 767 2476 at
790 2447 844 2476 ille
870 2448 955 2478 bona

122 2488 305 2520 decoxerat.

164 2533 217 2562 44.
239 2532 313 2562 Non
333 2533 511 2572 proematurz‘
537 2533 663 2570 cineres,
686 2531 753 2570 ξω]
785 2531 862 2562 Non
885 2542 954 2562 me-

122 2579 224 2605 tuunt
251 2575 408 2606 luxuriosi
434 2576 479 2606 illi
506 2583 644 2605 mortem
674 2575 743 2612 sibi,
767 2575 818 2604 vel
847 2585 954 2614 graves

122 2617 248 2647 morbos
271 2627 390 2657 creare,
413 2628 469 2658 per
490 2619 730 2655 helluatione53
762 2617 815 2646 sed
840 2618 958 2649 timent

121 2660 261 2698 senium,
284 2661 318 2690 in
344 2671 411 2700 quo
434 2669 561 2700 propter
584 2661 727 2699 inopiam
749 2666 806 2689 aut
833 2662 960 2700 aegritu·

122 2702 212 2732 dines
229 2712 296 2733 non
312 2704 386 2734 licet
400 2705 537 2743 amplius
552 2704 722 2734 luxuriari.

164 2744 218 2775 46.
240 2745 287 2774 Hi
306 2746 485 2786 plerumque
497 2745 633 2787 gradus]
656 2746 713 2776 Per
730 2755 808 2785 quos
831 2747 882 2777 isti
901 2746 955 2778 de·-

121 2788 230 2817 venire
245 2788 350 2818 solent
364 2790 403 2819 ad
417 2800 523 2820 rerum
545 2791 693 2820 omnium
718 2788 874 2827 inopiam.
922 2792 951 2819 1.

122 2830 303 2861 Pecuniam
318 2831 439 2862 foenore
460 2834 635 2872 accipiunt.
680 2834 712 2863 2.
729 2831 824 2861 Hanc
840 2832 874 2862 in
889 2833 957 2871 ipsa

122 2873 202 2902 urbe
221 2883 326 2904 coram
343 2874 586 2906 foeneratoribus
613 2876 647 2905 in
667 2875 834 2906 luxuriam
850 2875 955 2905 effun-

121 2915 214 2946 dunt.
261 2918 291 2946 3.
308 2917 422 2948 Solum
438 2924 578 2949 vertunt.

165 2960 218 2990 47.
245 2958 354 2989 Coram
370 2961 509 2999 dominis]
533 2962 677 2992 Foenoris
694 2962 721 2993 a
737 2960 846 2991 crediti
856 2959 957 2991 ‹loini-

123 3001 184 3039 nis,
199 3008 301 3040 atque
312 3004 507 3034 auctoribus.

122 3087 135 3125 j
165 3044 228 3093 483
243 3044 366 3087 Pallet]
387 3046 441 3078 Ne
467 3046 575 3080 foenus
604 3049 634 3080 ὅ(
661 3047 819 3079 creditum
835 3047 959 3089 perdat,

139 3096 191 3118 am
208 3094 310 3120 timet.

1045 1589 1096 1619 49.
1123 1587 1185 1621 Qui
1211 1584 1328 1618 vertere
1351 1584 1462 1623 solum]
1498 1583 1602 1614 Patria
1632 1583 1780 1615 cedentes
1807 1586 1841 1615 in

999 1631 1097 1662 aliam
1121 1632 1286 1671 regionem
1301 1630 1424 1659 abeunt
1440 1628 1626 1666 exulatum,
1654 1629 1687 1657 δε-
1707 1628 1838 1666 quidem

999 1674 1198 1713 festinanter,
1210 1684 1251 1704 ne
1265 1674 1282 1703 a
1292 1672 1498 1703 creditoribus
1511 1671 1839 1709 comprehendantur.

1042 1717 1154 1757 Baias]
1179 1717 1300 1748 Urbem
1314 1715 1489 1755 campanie
1503 1714 1709 1752 maritimam,
1723 1714 1763 1743 de
1773 1723 1839 1754 qua

1000 1760 1074 1790 vide
1088 1761 1155 1792 Sat.
1172 1762 1205 1791 3.
1222 1769 1252 1790 v.
1268 1761 1299 1789 4.

1046 1803 1149 1842 Ostia]
1173 1803 1227 1834 Ad
1249 1802 1341 1832 Ostia
1364 1801 1528 1838 Tiberina,
1558 1801 1601 1830 ibi
1624 1800 1704 1830 forte
1720 1810 1839 1831 navem

1001 1846 1206 1876 conscensuri
1227 1845 1367 1885 fugiunt.
1412 1843 1564 1882 Namque
1592 1844 1634 1873 ibi
1665 1848 1774 1882 portus
1799 1845 1839 1874 ad

1001 1890 1122 1919 ostium
1135 1889 1260 1919 Tiberis
1273 1887 1416 1917 fluminis
1439 1896 1515 1916 cum
1538 1887 1666 1916 adversa
1682 1887 1759 1915 urbe
1776 1887 1839 1926 pri-

1000 1931 1076 1962 dem
1093 1932 1208 1961 celebri
1222 1931 1263 1961 ab
1279 1932 1376 1961 Anco
1391 1929 1508 1959 Martio
1524 1929 1661 1958 condita.
1708 1930 1838 1968 Legunt

1001 1974 1148 2013 quidam,
1175 1978 1286 2012 ostrea,
1310 1979 1348 2003 ut
1363 1973 1402 2002 sit
1415 1981 1525 2002 sensus
1542 1973 1653 2010 inopes
1676 1971 1746 2001 illos
1763 1982 1837 2003 con-

999 2017 1080 2048 ferre
1094 2026 1127 2047 se
1143 2018 1234 2048 Baias
1248 2017 1287 2047 ad
1303 2016 1512 2055 piscationem
1528 2022 1717 2045 ostreorum.

1041 2062 1093 2090 50.
1119 2060 1233 2090 Cedere
1248 2069 1374 2098 namque
1392 2057 1483 2096 foro,
1509 2058 1576 2096 ga]
1614 2057 1691 2086 Non
1704 2067 1836 2097 compa·

999 2113 1064 2133 rere
1080 2105 1113 2133 in
1130 2104 1206 2134 urbe
1223 2104 1265 2133 ob
1282 2113 1322 2132 aes
1338 2102 1494 2139 alienum,
1508 2110 1573 2130 non
1584 2101 1682 2139 magis
1695 2101 1835 2139 ignomi-

998 2147 1129 2176 niosum
1153 2148 1222 2185 jam
1251 2151 1397 2185 putatur,
1423 2145 1524 2183 quarn
1547 2145 1586 2173 ab
1612 2153 1679 2173 uno
1704 2144 1772 2173 vico
1800 2145 1835 2174 in

999 2189 1099 2220 alium
1115 2191 1259 2229 migrare.

1042 2235 1093 2263 51.
1117 2232 1279 2271 Esquilias
1294 2233 1314 2262 ἁ
1333 2231 1489 2269 ferventi,
1516 2227 1584 2270 ἔζεε]
1621 2229 1673 2259 Ab
1700 2235 1835 2261 aestuosa

997 2275 1083 2305 urbis
1110 2276 1238 2315 regione
1267 2276 1302 2306 in
1325 2274 1530 2314 frigidiorem.
1577 2272 1662 2302 Nam
1678 2274 1707 2304 &
1724 2273 1835 2305 editior

997 2317 1022 2348 is
1045 2319 1154 2348 iocus:
1179 2320 1208 2348 δε
1233 2319 1349 2358 gelidas
1375 2318 1500 2347 vocavit
1524 2316 1692 2355 Esquilias,
1720 2315 1785 2346 Sat.
1803 2318 1833 2347 5.

997 2371 1029 2391 v.
1042 2363 1096 2391 78.
1122 2361 1210 2391 Vide
1226 2363 1255 2391 ἀ
1273 2363 1339 2392 Sat.
1355 2362 1387 2391 3.
1403 2370 1435 2390 v.
1452 2362 1504 2391 71.

1042 2404 1200 2443 Ferventi]
1224 2405 1288 2435 Seu
1301 2405 1341 2435 ob
1357 2404 1469 2441 situm,
1481 2412 1537 2432 seu
1550 2402 1591 2431 ob
1606 2402 1760 2439 majorem
1774 2411 1833 2441 po,

999 2448 1070 2485 puli
1085 2448 1310 2486 frequentiam.

1039 2490 1191 2530 Saburra]
1214 2491 1297 2520 Vide
1313 2491 1379 2520 Sat.
1394 2490 1424 2518 3.
1442 2498 1471 2518 v.
1491 2489 1519 2517 5.
1537 2488 1662 2518 Annot.

1041 2534 1093 2563 52.
1118 2534 1176 2563 Ille
1192 2533 1290 2570 dolor,
1305 2532 1374 2571 [sc]
1408 2531 1474 2561 Illis
1490 2531 1709 2561 decoctoribus
1723 2532 1834 2562 nullus

993 2576 1062 2613 jam
1077 2577 1197 2615 pudor:
1223 2585 1307 2605 unus
1321 2581 1433 2604 autem
1448 2574 1536 2603 dolor
1548 2578 1705 2613 superest,
1729 2584 1834 2606 carere

1001 2618 1213 2650 Circensibus,

1044 2663 1096 2693 53.
1123 2660 1328 2698 Circensibus]
1350 2659 1435 2689 Vide
1453 2659 1518 2690 Sat.
1535 2659 1567 2689 3.
1581 2669 1611 2689 v.
1625 2660 1700 2690 223.
1724 2662 1753 2690 Sc
1778 2661 1834 2690 Sa—

1000 2705 1048 2735 tir.
1067 2707 1116 2736 10.
1136 2715 1166 2735 v.
1184 2706 1233 2734 80.
1252 2711 1351 2742 atque
1367 2703 1440 2732 ibid.
1458 2704 1582 2733 Annot.

1044 2750 1094 2778 54.
1117 2746 1286 2788 Sanguinis
1300 2747 1331 2775 in
1337 2746 1441 2785 facie,
1457 2745 1521 2784 ἐξα]
1544 2746 1674 2776 Pudoris
1691 2746 1772 2776 nihil
1788 2755 1832 2775 re-

1000 2796 1061 2821 stat
1075 2792 1247 2830 vestigium
1263 2790 1402 2820 nullum.
1447 2789 1533 2819 Vide
1559 2790 1624 2819 Sat.
1643 2791 1691 2820 10.
1713 2799 1740 2819 v.
1758 2790 1833 2818 301.

1002 2835 1030 2862 δε
1046 2835 1169 2864 Annot.

1042 2876 1210 2905 DIorantur
1219 2876 1325 2915 pauci,
1341 2876 1409 2915 ἔξω]
1426 2876 1522 2906 Pauci
1534 2880 1689 2905 conantur
1700 2874 1834 2903 retinere

1001 2918 1172 2957 pudorem,
1187 2919 1244 2957 qui
1257 2920 1325 2956 jam
1341 2920 1453 2949 urbem
1470 2919 1584 2949 deserit
1608 2928 1643 2947 ac
1666 2917 1761 2956 fugit,
1777 2916 1833 2946 ubi

1002 2962 1099 2991 etiarn
1122 2961 1275 2992 ridiculus
1295 2963 1406 2992 multis
1428 2963 1637 2992 existimatur.
1683 2961 1734 2989 Sic
1759 2959 1834 2988 orbe

997 3005 1066 3042 jam
1093 3004 1269 3035 facinoroso
1293 3006 1418 3035 cessisse
1435 3007 1462 3035 δι
1478 3004 1516 3034 ad
1541 3003 1678 3041 Superos
1692 3001 1834 3031 evolasse

1002 3047 1116 3077 dicitur
1130 3048 1264 3088 Astraea,
1281 3049 1418 3089 ejusque
1435 3048 1549 3089 pariter
1570 3055 1654 3076 soror
1670 3044 1837 3076 Pudicitia..

1004 3089 1072 3123 Sat.
1089 3091 1120 3123 6.
1135 3100 1166 3122 v.
1185 3091 1240 3123 19.
