1948 3281
630 30 656 72 J
661 27 961 72 UVENALIS
993 27 1205 72 SATIRA
1236 28 1319 70 III.

135 121 231 178 Qua
247 120 406 161 fornace
427 132 578 175 graves,
601 133 681 174 qua
697 133 781 160 non
799 118 944 159 incude
961 128 1112 159 catenae
1129 119 1142 159 ?

135 177 346 218 Maximus
369 177 409 217 in
432 176 574 216 vinclis
596 177 684 216 ferri
704 176 864 226 modus,
889 185 931 216 ut
955 175 1112 225 timeas,
1136 189 1186 215 nc
1214 176 1263 215 31

133 234 287 275 Vomar
307 233 478 281 deficiat,
502 247 552 272 ne
573 247 712 273 marrae
737 234 775 272 δι’,
797 232 948 273 sarcula
964 232 1108 274 desint.

130 289 284 330 Felices
303 303 538 344 proavorum
557 291 707 339 atavos,
729 289 858 329 felicia
880 288 986 329 dicas

130 346 302 395 Saecula,
321 362 413 401 quae
436 346 641 400 quondam
661 345 734 386 sub
757 345 916 400 regibus
939 354 1058 400 atque
1078 342 1247 385 tribunis

129 402 330 443 Viderunt
353 417 434 442 uno
457 411 690 442 contentam
713 416 864 442 carcere
888 404 1078 442 Romam.

1773 31 1824 72 55

1315 118 1472 148 Attamen
1484 128 1540 157 quo
1555 120 1681 158 camino,
1697 119 1756 159 qud
1773 121 1818 150 ἰπ-

1273 174 1299 214 O
1314 162 1389 190 cade
1404 171 1460 189 ηοη
1484 162 1673 192 fabricantur
1695 163 1817 193 vincula

1310 203 1493 240 panderem?
1516 203 1637 244 IlIag-mi
1649 207 1729 234 certe
1734 206 1819 241 ferri

1314 255 1449 275 mensura
1465 246 1495 274 in
1512 247 1627 275 catenis
1639 247 1817 285 adhibetur,

1314 288 1392 318 adeo
1405 292 1436 316 ιιι
1453 289 1547 316 vereri
1565 289 1670 326 possis,
1687 298 1722 317 ne
1739 291 1814 318 ‹te-it

1311 335 1458 367 aratrum,
1476 340 1511 359 ne
1526 330 1642 369 lig-ones
1652 334 1743 368 atque
1752 341 1813 360 sar·
1824 349 1830 353 <

1311 372 1381 401 cula
1419 373 1574 409 deficiant.
1632 373 1814 402 Fortunatas*

1310 419 1417 445 atat-os
1438 425 1627 453 proavorum,
1664 416 1693 444 <Sc
1722 417 1811 444 beata

103 457 105 460 ⁴
125 458 207 499 His
225 458 318 499 alias
341 470 533 512 poteram,
554 458 592 499 Sc
610 459 738 512 plures
761 458 993 499 subnectere
1009 471 1147 498 causas
1166 473 1176 498 τ
1209 459 1290 497 315
1308 460 1417 487 δ’ῑθαῐα
1433 459 1591 494 vocaveris,
1607 468 1671 496 quoe
1681 457 1734 486 ³¹²⁶
1750 457 1811 487 Re-

124 514 204 554 Sed
221 515 409 569 jumenta
433 525 591 565 vocant,
613 515 651 555 &
670 515 738 556 Sol
764 515 956 564 inclinat3
991 515 1168 555 eundum
1187 523 1261 554 est.

120 570 233 612 Nam
259 572 357 612 mihi
379 570 850 625 commotitjamdudum
867 571 994 611 mulio
1016 571 1127 626 virga

122 627 292 669 Innuit:
326 643 419 684 ergo
443 629 525 669 vale
547 627 670 668 nostri
695 642 878 677 memor3
909 627 948 667 δε
969 628 1126 682 quoties
1150 636 1187 667 te

119 683 253 725 Roma
275 694 343 725 tuo
367 685 471 725 refici
492 693 766 738 properantem
790 683 924 724 reddet
945 683 1116 738 Aquino
1134 699 1144 723 z

116 739 192 780 Me
206 756 313 796 quoq
322 757 367 782 ue
381 742 428 781 ad
444 741 628 781 Elvinam
639 739 841 790 Cererem,
852 739 1286 794 vestramqueDianam
1304 754 1422 784 occidit.

119 795 314 838 Convelle
335 800 360 839 a
383 796 553 846 Cuinis3
584 795 801 837 Satirarum
825 810 901 851 ego
925 795 986 848 (ni
1003 797 1125 849 pudet
1146 796 1251 847 illas)

116 853 293 908 Adjutor
309 855 460 910 gelidos
478 852 633 893 veniam
658 853 850 907 caligatus
870 853 911 893 in
933 866 1064 908 agros.

434 923 506 952 Cam
521 923 588 951 vei-‹¹›
604 926 632 951 te
648 921 742 950 Roma
757 921 875 959 Aquino
889 925 938 950 luo
949 922 1080 950 remittet
1095 921 1441 958 recrearifestinantem,
1454 930 1488 953 tu
1503 933 1548 952 me
1564 926 1651 954 etiam
1669 927 1686 954 ἀ
1702 932 1707 947 ¹
1721 926 1802 954 'umis

114 924 270 952 recor-clare
283 924 386 953 ηας-[η’.

1305 500 1395 538 gibus
1419 510 1456 528 ac
1487 500 1623 530 Tribunis
1647 500 1717 529 olim
1743 501 1811 530 urbi

1309 541 1451 572 Romana»
1465 547 1680 580 conspexerunt
1690 543 1811 572 unicam

1308 585 1384 614 satis
1398 595 1459 614 esse
1472 587 1646 615 custodiam.
1682 584 1811 615 Licebat

1310 628 1439 664 quidem
1455 628 1521 657 istis
1536 627 1615 658 alias
1637 637 1673 657 ac
1695 627 1807 658 multas

1206 685 1289 724 319
1307 671 1437 699 rationes
1462 670 1639 710 adjungere.
1700 668 1807 700 Verzlm

1301 712 1368 746 jam
1385 713 1515 742 invitant
1537 712 1622 750 muli,
1648 717 1739 751 atque
1754 712 1807 743 Soc

1487 755 1611 793 Oportet
1648 756 1806 784 discedere.

1302 795 1373 826 Jam
1406 798 1481 826 enim
1499 797 1632 835 flagello
1666 807 1805 826 concusso

1295 839 1414 875 pridem
1439 840 1582 869 mulorum
1606 840 1711 870 ductor
1734 839 1807 869 milii

1298 881 1418 919 signum
1456 883 1518 910 dat.
1572 883 1645 912 Vale
1681 883 1802 922 igitur,-

114 966 253 994 abvtralie
268 968 309 996 ad
332 966 477 1002 Cererem,
496 965 655 994 Heli-inam
671 974 706 993 ac
723 968 863 1001 vestram,
878 964 1023 993 Dianam.
1067 964 1177 993 Statim
1206 975 1262 1005 ego
1277 963 1389 1005 caligis
1402 966 1524 996 indutus
1538 967 1570 996 in
1585 971 1696 997 terram
1701 967 1801 1008 frigi-

114 1007 216 1037 (lulum
233 1009 375 1039 ‹rdtrolabo
391 1008 559 1038 Satirarum
573 1006 748 1046 auxiliator,
764 1008 847 1036 mod&
859 1010 891 1036 ut
909 1008 971 1036 mei
987 1016 1045 1036 non
1059 1015 1110 1035 eas
1118 1006 1237 1046 pigeat.

152 1178 205 1209 Ad
218 1178 358 1217 siz-aria]
394 1178 496 1208 Velut
520 1179 558 1208 ad
581 1179 700 1215 locum,
727 1177 782 1207 ubi
799 1178 931 1216 paratior

112 1231 148 1250 ac
164 1222 282 1252 facilior
308 1223 405 1251 victus
430 1222 496 1251 erit.
542 1221 670 1250 vivaria
694 1221 762 1250 loca
787 1226 872 1258 sunt,
897 1221 929 1250 in

110 1264 225 1301 quibus
250 1265 378 1294 aluntur
404 1274 438 1293 ac
464 1266 645 1304 saginantur
675 1263 713 1292 ad
741 1264 836 1300 cibos,
872 1272 927 1292 seu

109 1315 192 1342 aves,
204 1317 259 1336 seu
278 1308 386 1345 pisces,
402 1317 456 1335 seu
474 1307 557 1343 ferae,
576 1307 632 1335 Sec.

149 1349 212 1378 810
247 1350 296 1378 Ne
310 1359 404 1378 vomer
417 1349 546 1385 deficiat,
564 1348 627 1385 est]
651 1347 700 1377 Ne
714 1347 792 1377 desit
809 1348 926 1378 ferrum

106 1399 172 1428 quo
188 1391 264 1422 fiant
281 1393 490 1421 instrumenta
504 1392 700 1430 agriculture
719 1391 897 1420 necessaria.

148 1434 219 1463 311.
251 1434 380 1471 Vomer]
416 1433 450 1463 ln
474 1435 564 1463 aratri
588 1433 786 1463 extremitate
808 1433 926 1463 ferrum

106 1481 154 1505 est
170 1485 236 1514 quo
251 1479 331 1506 terra
346 1476 507 1505 scinditur.

150 1516 271 1554 Mance,
286 1518 431 1556 sarcula]
468 1519 595 1548 Rustica
612 1519 834 1556 instrumenta,
852 1518 923 1556 qui—

101 1559 162 1589 bus
178 1561 304 1591 inutiles
319 1562 420 1591 herbe
439 1568 626 1591 resecantur.

146 1602 207 1631 :312
245 1604 423 1633 proavorum
439 1604 569 1641 atat-os]
596 1603 730 1632 Proca-us
746 1607 792 1632 est
808 1604 857 1633 avi
870 1613 922 1641 pa-

100 1647 161 1681 ter,
176 1648 282 1675 atavus
297 1654 404 1675 autem
423 1647 555 1684 quintus
572 1650 658 1684 pater
672 1652 727 1673 est.

145 1688 216 1717 313.
243 1688 301 1717 Sub
323 1688 466 1728 regibus]
502 1688 545 1716 Hi
563 1692 770 1717 numerantur
786 1691 920 1726 septem,

99 1727 271 1767 Romulus,
310 1731 428 1766 Numa,
462 1730 576 1759 Tullus
606 1729 774 1763 Hostilius,
810 1730 919 1759 Ancus

102 1772 254 1810 Marcius,
282 1773 474 1811 Tarquinius
502 1772 632 1808 Priscus,
655 1771 780 1800 Servius
793 1771 919 1809 Tullus,

98 1811 296 1852 T.=rquinius
309 1815 491 1853 Superbus,
516 1823 652 1852 quorum
680 1814 749 1842 loco
765 1812 918 1842 Consules

99 1855 248 1896 deinceps
272 1858 502 1895 imperitavere.
548 1856 611 1885 Tit.
630 1856 698 1884 Liv.
722 1855 776 1883 lib.
796 1857 824 1884 1.
843 1857 869 1884 ἃ·
886 1856 917 1884 2.

97 1896 180 1929 Quae
208 1900 307 1937 prima
335 1899 396 1928 fuit
422 1904 492 1927 aetas
518 1899 633 1937 Populi
659 1898 794 1926 Romani
820 1896 917 1935 prope

97 1939 250 1970 ducentos
267 1944 293 1971 δε
312 1942 543 1981 quinquaginta
568 1950 621 1978 per
635 1948 734 1969 annos
748 1939 805 1968 sub
824 1939 914 1979 Regi-

97 1982 171 2020 bus,
186 1990 222 2013 ut
237 1985 279 2013 ait
297 1985 407 2014 Florus
420 1982 454 2013 i‘n
467 1984 607 2021 prologo.

140 2024 239 2063 Atque
264 2027 414 2064 tribunis]
453 2026 552 2055 Anno
584 2025 667 2054 urbis
690 2023 915 2053 trecentesimo

96 2065 233 2104 decimo,
253 2069 388 2105 primum
411 2069 505 2097 creati
519 2067 654 2097 Tribuni
668 2067 817 2096 militares
839 2075 915 2094 con-

97 2109 191 2137 sulari
207 2118 374 2147 potestate,
391 2114 426 2138 ut
448 2115 549 2139 narrat
575 2110 681 2139 Livius
707 2110 763 2138 lib.
786 2109 818 2137 4.
864 2109 915 2137 Ne

98 2149 253 2181 Consules
275 2152 292 2181 ὲ
317 2152 409 2190 plebe
422 2156 619 2181 crearentur:
645 2151 733 2189 quod
749 2150 857 2189 postea
871 2157 914 2179 ta-

94 2200 170 2222 men
198 2195 226 2223 ei
246 2204 441 2224 concessum.
486 2194 597 2232 Itaque
612 2193 748 2223 Tribuni
764 2193 914 2222 militares

96 2232 268 2266 identidem
287 2237 314 2265 Sc
332 2237 464 2266 subinde
481 2235 639 2272 Rempub.
657 2242 816 2264 rexerunt.

135 2278 211 2306 314.
238 2279 302 2309 Uno
316 2283 483 2308 contentam
499 2277 640 2314 carcere]
677 2277 783 2310 Quem
798 2276 913 2306 Tullus

94 2318 251 2350 Hostilius
267 2321 409 2350 aedificari
421 2321 534 2358 jussit,
559 2326 594 2348 ut
608 2319 699 2349 refert
713 2320 838 2348 Sallust.

136 2362 211 2391 316.
227 2363 394 2402 Jumenta]
418 2364 449 2392 A
459 2362 616 2402 jungendo
628 2362 769 2400 quidam,
781 2362 832 2390 alii
844 2370 909 2390 me-

91 2403 164 2441 lius,
179 2410 216 2433 ut
230 2407 352 2436 videtur
363 2405 520 2444 &juvando
535 2404 687 2443 originem
703 2405 842 2433 trahunt.

133 2446 207 2475 318.
230 2448 362 2486 [unuin]
386 2448 550 2477 Admonet
563 2447 710 2484 expedita
721 2455 786 2475 esse
801 2446 838 2475 ad
851 2447 909 2475 iter

91 2489 219 2524 omnia3
235 2491 335 2520 rhedae
347 2491 527 2529 impositam
538 2489 791 2527 suppellectilem
808 2488 908 2518 :Urn-

92 2530 218 2560 britium
228 2534 296 2571 jam
310 2533 480 2573 expectari.
526 2530 608 2561 Vide
621 2532 715 2571 supra
738 2541 765 2561 v.
787 2532 835 2561 ΙΘ.

1016 1178 1087 1208 319.
1114 1176 1214 1215 Refici
1225 1178 1458 1217 properantem]
1487 1178 1683 1217 Cupientem
1699 1191 1794 1213 recre-

974 1221 1017 1249 ari
1031 1230 1072 1249 ex
1088 1221 1171 1250 urbis
1185 1231 1219 1250 ac
1237 1221 1395 1250 tumultus
1412 1223 1574 1260 popularis
1590 1223 1690 1253 taedio.

1015 1262 1133 1301 Aquino
1148 1264 1226 1302 tum]
1264 1262 1399 1296 Quoties
1414 1264 1470 1293 ibis
1494 1265 1527 1292 in
1546 1265 1674 1301 patriam
1692 1273 1794 1307 tuam,

972 1304 991 1332 ὁ
1006 1305 1180 1342 Juvenalis,
1207 1306 1356 1345 Aquinum
1373 1307 1436 1338 scil.
1474 1306 1659 1345 Campaniae
1683 1309 1790 1339 civita-

972 1352 1051 1383 tem,
1071 1348 1118 1377 via
1138 1348 1258 1377 Latina.

1013 1390 1083 1419 320.
1112 1390 1167 1418 lise
1183 1400 1305 1430 quoque,
1322 1391 1386 1429 ᾅέ]
1425 1391 1481 1420 Me
1498 1391 1609 1429 pariter
1631 1393 1648 1421 a
1665 1394 1789 1434 Cumis,

971 1441 1036 1470 quo
1066 1433 1252 1470 proficiscor,
1278 1443 1432 1462 accersere
1469 1440 1633 1463 memento
1669 1436 1706 1464 ad
1745 1444 1790 1468 te.

969 1476 1141 1514 Aquinum
1157 1485 1214 1513 ego
1231 1477 1335 1505 statim
1354 1476 1459 1513 adibo,
1477 1481 1574 1514 teque
1587 1478 1788 1519 conveniam,

970 1517 997 1545 δε
1016 1517 1129 1547 Satiras
1142 1517 1205 1547 una
1220 1519 1464 1548 conscribemus.

1009 1560 1171 1588 Helvinam
1187 1561 1320 1589 Cererem
1337 1560 1349 1598 ]
1384 1560 1529 1590 Habebat
1547 1560 1634 1590 Ceres
1660 1562 1788 1595 Fanum

965 1602 1004 1631 ad
1019 1603 1141 1641 Aquini
1158 1603 1358 1640 suburbium,
1375 1604 1427 1631 cui
1444 1603 1604 1633 Helvinam
1629 1615 1746 1635 nornen
1771 1608 1788 1637 ὲ

965 1643 1052 1673 fonte
1068 1645 1213 1683 proximo
1238 1645 1380 1682 ejusdem
1403 1646 1633 1684 appellationis.
1681 1648 1788 1679 Minus

965 1687 1068 1723 placet
1092 1688 1176 1724 quod
1202 1688 1352 1716 nonnulli
1367 1688 1405 1716 ab
1427 1688 1563 1724 eluendo,
1584 1690 1635 1718 alii
1661 1691 1732 1720 vero
1746 1693 1785 1721 ab

963 1728 1062 1758 Heluo
1087 1730 1203 1766 colore,
1234 1739 1331 1767 quein
1357 1729 1478 1760 flavum
1506 1740 1571 1759 esse
1596 1731 1702 1771 aiunt,
1740 1743 1784 1764 ex

962 1770 1106 1800 Varrone
1122 1772 1330 1810 etymologias
1346 1777 1472 1810 petunt.

1008 1813 1197 1851 Vestramque
1212 1814 1373 1852 Dianam]
1395 1814 1502 1847 Quam
1516 1816 1664 1845 nimirum
1681 1819 1784 1849 colitis

960 1859 994 1883 tu
1016 1855 1194 1892 Juvenalis,
1220 1856 1450 1894 popularesque
1467 1858 1515 1886 tui
1539 1859 1733 1897 Aquinates,
1749 1862 1782 1890 in

959 1896 1175 1926 Minturnensi
1192 1898 1274 1927 luco.

1000 1941 1072 1969 821.
1100 1938 1228 1977 Cumin]
1252 1939 1336 1968 Vide
1347 1940 1440 1977 supra
1455 1950 1484 1969 v.
1498 1941 1528 1969 2.
1547 1940 1645 1978 hujus
1660 1943 1780 1976 Satirae.

999 1981 1047 2010 Ni
1056 1982 1150 2018 pudet
1165 1981 1261 2019 illas]
1298 1982 1461 2019 Siquidem
1476 1983 1601 2021 exiguae
1618 1993 1695 2013 meae
1713 1988 1781 2024 opis

957 2032 993 2052 ac
1019 2024 1174 2052 industriae
1204 2033 1269 2052 non
1297 2024 1395 2062 pudet
1411 2034 1446 2053 ac
1463 2026 1547 2063 piget
1563 2032 1594 2054 te
1615 2028 1777 2059 eximium

958 2065 1073 2096 Vatem
1090 2076 1126 2095 ac
1141 2066 1411 2105 Satirograplium,
1429 2068 1576 2105 ipsasque
1592 2068 1712 2099 Satiras.

1000 2110 1074 2138 322.
1108 2108 1268 2146 Adjutor.]
1307 2108 1464 2138 Nonnulli
1493 2110 1616 2140 codices
1645 2112 1779 2152 habent,

958 2151 1089 2180 auditor.
1776 2158 1779 2162 '

1001 2193 1123 2222 Gelidos
1145 2193 1177 2222 in
1198 2193 1317 2233 agros]
1341 2193 1392 2222 Ob
1414 2195 1521 2224 situm.
1569 2195 1680 2233 Frigus
1695 2197 1778 2228 certe

956 2234 1079 2265 faciunt
1091 2236 1200 2273 colles,
1215 2237 1311 2273 silvae,
1326 2235 1469 2266 flumina.

1001 2277 1188 2317 Caligatus]
1227 2279 1319 2308 More
1332 2280 1454 2308 strenui
1470 2279 1577 2308 militis
1590 2280 1775 2320 instructus,

956 2321 1038 2350 certe
1066 2330 1135 2349 acer
1153 2321 1300 2350 vitiorum
1321 2321 1426 2350 hostis
1474 2321 1589 2359 Caligae
1603 2328 1677 2351 sunt
1693 2324 1775 2353 mili.

955 2363 1030 2391 taria
1052 2363 1278 2399 calceamenta,
1306 2363 1322 2391 a
1343 2364 1457 2401 quibus
1486 2363 1711 2394 denominatus
1727 2373 1774 2397 est

952 2404 1096 2443 Caligula
1112 2404 1297 2443 Imperator,
1323 2406 1360 2433 εὸ
1377 2405 1463 2443 quod
1488 2406 1521 2434 in
1536 2407 1642 2434 castris·
1655 2413 1746 2437 natus
1761 2420 1768 2438 :

951 2447 1090 2476 mediam
1116 2457 1218 2486 usque
1233 2448 1341 2477 tibiam
1358 2448 1575 2485 protegebant,
1591 2449 1619 2476 ἃ
1637 2458 1706 2486 pars
1719 2459 1772 2480 su-

951 2490 1054 2526 perior
1067 2495 1162 2528 caput
1180 2491 1278 2520 leonis
1290 2489 1466 2528 videbatur,
1490 2494 1527 2519 ut
1541 2496 1629 2528 patet
1641 2492 1676 2521 in
1688 2493 1770 2522 anti-

952 2532 1022 2569 quis
1036 2532 1254 2563 marmoribus.

832 2754 1027 2778 l
