1948 3281
636 75 973 120 JUVENALIS
1004 74 1223 117 SATIRA
1255 77 1292 118 Ι.
1795 77 1821 115 5

1305 166 1426 205 quando
1440 169 1469 196 te
1483 167 1635 206 depellunt
1648 168 1701 206 qui
1726 171 1822 197 testa-

1304 214 1406 239 menta
1418 214 1506 240 noctu
1520 211 1736 248 adipiscuntur,
1748 221 1821 248 quos

1302 253 1376 282 coelo
1394 258 1480 282 tenus
1495 254 1592 283 elevat
1607 263 1682 283 arras
1697 255 1819 291 opulen-

108 170 221 214 Cum
244 178 282 211 te
306 176 593 211 summoveant
615 168 685 223 qui
711 176 950 208 testamenta
967 177 1174 207 merentur

106 227 328 278 Noctibus,
360 226 403 268 in
425 225 578 267 coelum
603 239 706 281 quos
723 225 855 265 evehit
879 223 1033 278 optima
1055 223 1210 264 summi

104 286 234 326 Nunc
252 284 315 325 via
336 284 568 339 processus,
599 283 746 323 vetulae
770 281 900 322 vesica
924 284 1065 322 beatae.

1303 299 1348 333 ta,
1373 305 1444 334 quat
1458 297 1542 325 modo
1558 296 1636 326 ratio
1653 302 1697 326 est
1713 296 1817 334 ivngen-

105 341 329 384 Unciolam
352 340 584 382 Proculeius
602 341 736 390 habet,
762 339 829 379 sed
845 338 958 380 Gillo
975 339 1175 379 deuncem
1194 354 1204 379 τ
1229 339 1285 379 40
1303 338 1342 367 ³²3·
1368 338 1499 378 questos
1524 339 1659 369 faciendi
1685 339 1818 367 cmm*

105 400 240 440 Partes
263 398 436 454 quisque
458 412 566 448 suas,
590 398 638 437 ad
662 410 893 438 mensuram
917 395 1097 452 inguinis
1125 397 1281 448 haeres3

102 455 293 511 Accipiat
316 454 412 496 saue
436 455 663 496 mercedem
683 454 908 510 sanguinis,
942 454 981 494 Sc
997 452 1054 494 sic

102 513 272 564 Palleat,
305 523 347 553 ut
371 513 490 553 nudis
514 512 656 566 pressit
678 511 745 567 qui
772 510 951 551 calcibus
971 525 1167 566 anguem,

101 571 191 611 Aut
212 570 535 626 Lugdunensem
560 570 713 611 Rhetor
729 568 910 608 dicturus
935 568 982 608 ad
1000 582 1125 608 aram.

1302 391 1356 411 ma.
1419 382 1596 411 Proculeius
1626 382 1737 410 oblinet
1763 391 1817 410 1⁴71-

1301 424 1389 462 ciam,
1403 429 1437 454 at
1450 425 1531 454 Gillo
1546 425 1682 454 undecim
1700 425 1817 462 uncias,

1300 468 1426 506 quisque
1441 472 1561 506 partem
1587 478 1669 496 sunm
1693 467 1817 496 hoercdi-

1302 511 1374 539 tatis
1401 532 1577 541 ......
1602 511 1683 539 certe*
1707 509 1815 539 habeat

1297 553 1426 591 pretium
1455 564 1512 592 pro
1542 554 1701 593 sanguine,
1725 558 1816 591 atque

1301 596 1344 624 ila
1354 596 1570 634 pallidusfint,
1592 597 1669 625 sicut
1686 597 1739 634 qui
1753 606 1814 625 ser-

157 627 269 685 Quid
286 628 469 678 referam,
488 626 641 682 quanta
658 624 939 680 siccumjecur
952 625 1086 665 ardeat
1109 625 1181 674 ira,
1229 627 1281 665 45
1298 643 1415 677 pentem
1433 641 1562 669 calcarit
1586 639 1709 668 nudatis
1726 638 1814 677 pedi-

101 683 213 726 Cum
229 685 423 739 populum
440 683 836 740 gregibusconiituni
852 692 1003 735 premat
1014 681 1078 722 hic
1093 681 1286 736 spoliator
1302 680 1367 720 521³,
1382 684 1430 712 vel
1446 683 1557 712 Orator
1573 683 1753 711 recitaturus
1775 681 1815 710 “d

101 742 248 797 Pupilli
268 742 516 796 prostantis?
552 743 605 782 Et
629 741 693 780 liic
717 740 935 780 damnatus
953 738 1063 779 inani

98 800 263 840 Judicio
285 799 402 855 (quid
424 799 532 839 enim
558 797 674 839 salvis
696 795 864 837 infamia
884 795 1068 836 nummis
1085 797 1122 845 ?)

98 857 204 898 Exul
228 856 277 898 ab
298 857 441 897 octava
457 855 617 897 Marius
636 854 752 905 bibit,
788 853 826 894 Sc
847 853 995 894 fruitur
1016 852 1111 894 Diis

1302 722 1450 765 Lugduni
1469 736 1562 755 aram.
1600 725 1682 759 Quid
1701 725 1812 761 ‹linc-rm,

1300 768 1390 805 quzim
1401 769 1513 809 magnii
1527 768 1811 805 irocumliciseweraec

1299 809 1391 848 hepar
1416 812 1544 849 aridum,
1567 812 1683 850 qumzdo
1699 811 1810 849 ‹leprae-

1299 853 1387 882 dator
1421 855 1477 883 iste
1506 855 1618 894 pupilli
1649 854 1810 892 prostituli

1297 901 1410 936 gravat
1429 897 1544 935 plebem
1568 897 1655 927 {urbii
1681 896 1809 926 assecla-

1300 935 1389 968 rum?
1410 940 1513 979 Atque
1525 941 1575 970 ille
1590 940 1712 971 Marias

884 998 1014 1006 ——.

95 1049 134 1078 ad
148 1050 302 1080 Caesarem
319 1049 375 1088 ait,

140 1092 207 1126 Qua
228 1091 383 1132 Thymelen
395 1097 513 1133 spectas
526 1093 742 1132 derisoremque
755 1091 911 1130 Latinum,

138 1135 314 1173 Illdfronte
325 1146 433 1174 precor
450 1137 594 1166 Carmina
612 1141 715 1166 nostra
729 1138 825 1176 legas.

133 1179 190 1208 36.
239 1178 403 1220 Thymele]
447 1180 550 1210 Mima
575 1180 603 1209 &
618 1180 761 1209 saltatrix
783 1180 921 1218 egregia,

95 1223 148 1252 cui
166 1222 286 1252 factum
306 1222 380 1252 inde
396 1232 516 1253 nomen
541 1224 690 1253 nonnulli
713 1230 885 1252 autumant
904 1224 921 1252 a

94 1275 172 1295 voce
187 1265 295 1295 Graeca
313 1263 440 1304 θυμέλη,
453 1276 516 1303 ara,
530 1267 557 1296 &
579 1267 745 1304 pulpitum
762 1265 904 1295 Theatri.

137 1308 325 1348 Summissa.]
370 1309 422 1338 Ad
441 1309 673 1339 conciliandam
690 1309 810 1338 summi
834 1309 920 1338 illius

93 1351 240 1382 delatoris
253 1352 397 1391 gratiam,
411 1352 716 1390 deprecandumque
728 1361 769 1381 ne
784 1351 919 1381 deferret

94 1395 246 1425 Latinum
269 1393 443 1433 Thymeles
470 1404 527 1424 seu
552 1395 715 1432 maritum,
752 1403 808 1424 seu
840 1395 918 1424 ami-

97 1447 184 1477 cum,
208 1443 245 1467 ut
260 1436 377 1466 volunt
394 1436 538 1476 quidam.

135 1480 187 1512 37.
234 1479 473 1522 Summoveant]
518 1481 649 1511 Scilicet
673 1480 710 1510 ab
734 1479 920 1510 haereditate

88 1523 232 1564 legitima

102 1583 104 1585 -
136 1567 197 1601 Qui
212 1572 394 1599 testamenta
408 1571 560 1599 merentur
574 1565 741 1609 noctibus]
785 1568 919 1606 Stupra-

90 1616 172 1641 tores
188 1612 216 1641 δι
232 1613 377 1643 adulteri.

133 1653 186 1683 38.
220 1654 260 1684 In
273 1659 379 1686 coelum
394 1654 409 1696 ]
451 1654 516 1685 Vel
533 1654 570 1685 ad
583 1664 724 1685 summas
739 1664 818 1694 opes
833 1667 841 1685 :
868 1657 917 1686 vel

90 1696 130 1726 ad
155 1695 395 1735 imperatoriam
423 1699 554 1738 gratiam
593 1699 622 1728 δε
646 1698 808 1737 Domum,
830 1699 916 1729 allu-

90 1739 195 1769 dendo
211 1741 342 1779 ironice,
365 1740 405 1770 ad
431 1741 462 1770 id
488 1741 576 1778 quod
592 1741 799 1771 Domitianus
813 1743 916 1772 voluit

90 1791 123 1811 se
152 1782 260 1813 Deum
287 1784 452 1823 appellari,
475 1784 567 1821 cujus
593 1783 726 1821 proinde
756 1784 913 1816 Palatium

91 1823 208 1855 Coelum
223 1833 363 1856 vocetur.

132 1869 184 1899 39.
235 1867 348 1898 Vetuloe
363 1867 486 1907 beatoe]
515 1869 595 1902 NVel
618 1868 763 1908 intellige
779 1869 818 1898 de
834 1878 912 1908 qua-

87 1909 135 1940 vis
150 1911 247 1941 divite
264 1913 389 1942 anicula
405 1912 592 1941 libidinosa:
622 1911 672 1940 vel
688 1912 727 1940 dc
744 1912 796 1941 illa
811 1912 911 1942 Nero-

87 1955 136 1983 nis
151 1955 262 1991 amica,
274 1955 409 1994 Poppaea
423 1954 541 1994 nempe
554 1954 680 1990 Sabina,
691 1964 790 1992 quam
804 1964 911 1985 amare

86 1995 208 2036 fingens
222 1998 311 2027 Otho
334 1998 507 2037 Imperium
531 1997 668 2036 adeptus
691 2004 748 2026 est.
795 1997 910 2028 Sueto-

87 2040 161 2069 nius
177 2040 301 2071 othon.
327 2051 396 2079 cap.
414 2043 444 2071 3.

131 2084 182 2113 40.
234 2082 420 2124 Uneiolam]
453 2083 624 2114 Minimam
639 2083 828 2113 haereditatis
840 2093 908 2122 par-

88 2132 167 2163 tem,
190 2126 308 2165 nempe
323 2127 549 2157 duodecimam
912 2156 916 2161 ,

130 2167 313 2210 Deuncem]
361 2170 407 2198 As
424 2172 451 2199 ἅ*
479 2171 557 2200 libra
578 2171 610 2199 in
625 2176 727 2208 partes
739 2170 911 2200 duodecim

90 2211 288 2242 dividuntur.
334 2212 446 2241 Deunx
458 2213 555 2252 igitur
570 2212 724 2251 significat
740 2213 864 2251 libram,
883 2215 911 2243 ἂν

86 2263 200 2292 assem,
216 2265 273 2285 seu
287 2255 458 2285 duodecim
478 2263 592 2293 partes,
609 2257 675 2285 una
690 2255 833 2294 dempta,
850 2257 911 2286 hoc

89 2303 147 2335 est,
162 2297 384 2328 haereditatem
398 2297 462 2327 fere
477 2298 643 2337 integram.

126 2340 313 2379 Proculeius,
330 2338 441 2381 Gilia]
451 2340 522 2370 Ute:
531 2351 595 2380 que
609 2340 682 2370 sane
694 2346 851 2379 stuprator
863 2342 912 2372 in-

85 2383 193 2423 signis,
209 2384 263 2414 sed
276 2383 452 2414 Proculeius
462 2384 569 2413 multo
582 2385 711 2414 salacior
724 2386 752 2414 81:
768 2384 912 2414 libidino-

84 2427 145 2456 sior
162 2427 294 2465 Gillone,
311 2435 505 2466 quapropter
517 2428 594 2457 dum
611 2427 664 2456 hic
680 2426 743 2456 fere
759 2428 840 2456 nihil
856 2438 912 2457 au-

84 2469 158 2507 fert,
175 2471 273 2509 prope
288 2476 396 2500 totum
418 2470 473 2499 ille
494 2471 697 2499 nanciscitur.
746 2470 841 2501 Quod
857 2480 911 2500 ve-

85 2513 225 2542 tularum
250 2520 339 2543 notat
364 2512 555 2542 horrendam
570 2512 747 2543 libidinem.
796 2513 910 2552 Aliqui

84 2554 271 2595 intelligunt
298 2555 488 2585 Proculeium
534 2556 688 2593 Equitem
726 2555 909 2586 Romanum

86 2597 189 2639 vigum
205 2599 322 2637 pietate
349 2600 484 2634 clarum,
511 2598 551 2627 de
567 2607 633 2636 quo
649 2597 761 2628 Horat.
786 2598 856 2629 Lib.
872 2600 906 2637 2,

173 2683 258 2713 Vivet
272 2688 394 2715 eitento
407 2684 581 2714 Proculeius
593 2694 665 2714 ωιό.

84 2725 147 2754 Sed
164 2735 226 2755 non
244 2728 287 2756 ita
303 2728 426 2757 videtur
441 2728 480 2757 ad
496 2737 628 2757 sensum
652 2729 834 2766 procedere.

119 2770 172 2797 41.
216 2770 269 2798 Ad
282 2769 474 2811 mensuram]
511 2770 557 2800 Ut
573 2771 710 2809 quisque
724 2773 812 2801 salax
827 2772 854 2801 3:
872 2771 908 2800 li-

83 2811 246 2841 bidinosus
259 2812 410 2851 maxime,
426 2815 470 2843 ita
487 2815 514 2843 &
532 2813 672 2843 maxime
688 2815 840 2852 gratiosus
854 2824 908 2843 ve-

85 2854 175 2891 tulis,
191 2864 226 2884 ac
243 2855 376 2894 proinde
390 2866 444 2893 per
459 2857 581 2895 potiora
595 2857 698 2896 legata
714 2857 896 2887 ditissimus.

127 2898 177 2926 42.
205 2897 349 2935 Accipiat
364 2897 464 2939 sane]
502 2900 670 2929 Permissio
686 2901 834 2939 scoptica.
875 2900 909 2930 Id

82 2946 142 2977 est,
155 2939 209 2969 fiat
220 2940 307 2970 dives
323 2939 352 2970 ἃ
366 2941 583 2980 locupletetur
596 2942 650 2981 qui
669 2943 754 2973 volet
765 2949 831 2973 tam
847 2942 908 2972 foe-

82 2982 123 3012 do
139 2984 167 3012 8<
185 2984 272 3021 turpi
287 2984 395 3021 pretio.

125 3027 178 3055 43.
226 3024 380 3067 Palleat]

84 3067 254 3100 immodica
272 3069 414 3102 libidine.

424 3028 555 3058 Viribus
580 3029 683 3061 fractis
701 3030 728 3060 &
745 3029 912 3060 exhaustis

1015 1051 1068 1079 44.
1106 1048 1339 1090 Lugdunensem
1357 1049 1474 1081 Rhetor
1489 1050 1625 1080 (licturus
1636 1051 1677 1080 ad
1688 1047 1805 1091 aram]

973 1093 1108 1123 Sueton.
1126 1095 1160 1123 in
1176 1094 1334 1133 Caligula,
1358 1104 1427 1134 cap.
1443 1096 1485 1123 20
1519 1095 1574 1133 ait,
1600 1094 1753 1134 Lugduni
1770 1096 1803 1125 in

971 1136 1077 1166 Gallia
1103 1137 1222 1166 Graecae
1253 1137 1444 1177 Latinaeque
1470 1137 1626 1167 facundiae
1657 1137 1802 1169 instituta

970 1180 1009 1208 ab
1040 1189 1078 1209 eo
1101 1181 1289 1219 certamina,
1322 1181 1354 1210 in
1379 1181 1496 1219 quibus
1520 1181 1594 1209 victi
1625 1180 1799 1211 victoribus

971 1223 1083 1252 darent
1106 1225 1249 1261 praemia,
1273 1232 1392 1262 eosque
1415 1223 1602 1254 laudarent:
1629 1225 1656 1252 δι
1673 1225 1730 1262 qui
1752 1225 1799 1253 in—

971 1265 1098 1295 condita
1112 1267 1227 1305 scripta
1244 1267 1469 1305 proposuisset,
1483 1277 1518 1296 ea
1531 1272 1694 1306 cogeretur
1705 1276 1802 1305 spon-

971 1308 1020 1347 gia
1035 1308 1185 1347 linguilve
1209 1309 1324 1346 dolere,
1350 1309 1398 1338 vel
1423 1309 1506 1339 certe
1529 1308 1629 1338 ferula
1652 1309 1800 1351 objurga-

969 1356 1068 1389 retur,
1105 1358 1162 1380 aut
1195 1351 1334 1381 flumine
1372 1358 1583 1391 mergeretur.
1627 1351 1702 1381 Non
1725 1362 1800 1393 ergo

969 1394 1088 1423 mirum
1105 1396 1130 1424 si
1145 1404 1188 1424 ex
1211 1400 1301 1425 metu
1324 1404 1429 1434 poenae
1454 1395 1617 1434 pallebant
1639 1395 1704 1424 illic
1727 1396 1797 1426 dic-

977 1437 1039 1466 turi
1055 1437 1216 1468 Oratores.

1017 1482 1069 1510 45.
1111 1479 1192 1513 Quid
1206 1479 1363 1522 referam]
1400 1481 1491 1511 Alias
1507 1480 1677 1511 scribendae
1694 1482 1800 1512 Satirae

969 1533 1078 1553 causas
1091 1523 1241 1563 deinceps
1257 1532 1501 1563 commemorat,
1525 1527 1553 1554 δε
1567 1524 1727 1564 prioribus
1743 1526 1797 1555 ad-

966 1566 1087 1606 jungit.

1008 1609 1248 1651 Siccumjecw]
1291 1612 1356 1642 Prae
1373 1613 1476 1642 calore
1487 1621 1640 1641 arescens.

1010 1655 1052 1683 46
1111 1653 1260 1695 Gregibus
1276 1654 1444 1697 comitum]
1491 1655 1706 1685 Multitudine
1733 1665 1795 1686 scr-

969 1705 1085 1726 vorum
1103 1699 1128 1727 sc
1149 1699 1314 1729 clientum.

1007 1739 1073 1769 Hic
1086 1740 1259 1779 spoliator]
1294 1741 1439 1775 Quilibet
1456 1742 1572 1781 pupilli
1588 1742 1793 1782 depraedator.

1006 1784 1057 1812 47.
1104 1783 1312 1826 Prostanna]
1356 1786 1406 1816 Eo
1419 1785 1537 1815 redacti
1553 1791 1627 1823 post
1643 1786 1791 1816 amissam

960 1823 1193 1865 haereditatem‚
1214 1834 1251 1857 ut
1267 1830 1404 1867 corporis
1417 1828 1614 1867 turpitudine
1631 1837 1793 1867 quaestum

964 1866 1072 1900 faciat..
1089 1869 1189 1898 victus
1203 1872 1340 1900 habendi
1357 1872 1462 1910 gratia.

1003 1909 1049 1938 Et
1061 1909 1138 1952 hia]
1175 1911 1436 1952 Quasiindigitat
1452 1920 1660 1952 praesentem3
1685 1916 1717 1944 δι’
1733 1916 1790 1952 ju-

960 1953 1113 1982 diciorum
1129 1956 1340 1993 corruptelam
1356 1962 1459 1990 notat,
1485 1965 1602 1986 not-‘am
1618 1958 1669 1985 ine
1687 1958 1716 1987 <Sc
1735 1959 1789 1987 Sa-

958 1997 1023 2025 tirae
1040 1998 1202 2027 materiam
1219 1999 1248 2027 δε
1263 2005 1418 2038 segetem.

999 2038 1202 2081 Damnatus]
1246 2041 1370 2072 Marius
1392 2041 1516 2072 Priscus
1529 2040 1626 2072 Afros
1648 2043 1787 2073 Procon-

963 2082 1012 2112 sul
1039 2082 1247 2121 depeculatus
1269 2084 1396 2114 fuerat:
1421 2086 1482 2115 illis
1503 2090 1614 2114 autem
1638 2096 1788 2116 accusan-

963 2125 1061 2162 tibus,
1086 2132 1202 2165 agente
1230 2126 1267 2157 C.
1283 2128 1386 2158 Plinio
1404 2127 1567 2165 Secundo,
1596 2130 1789 2167 repetunda-

963 2178 1033 2197 rum
1047 2167 1218 2199 damnatus
1233 2176 1278 2199 est
1290 2180 1298 2208 3
1325 2172 1355 2200 ὅτ
1368 2172 1572 2211 septingenta
1586 2171 1683 2201 millia
1695 2182 1789 2202 nurn-

960 2212 1064 2248 mum,
1088 2220 1160 2250 quae
1186 2220 1362 2252 acceperat,
1385 2214 1500 2245 inferre
1525 2211 1660 2251 AErario,
1691 2221 1789 2253 atque

963 2254 1040 2283 urbe
1070 2253 1224 2294 Italiaque
1249 2257 1359 2286 cedere
1385 2259 1504 2295 jussuS,
1528 2263 1566 2286 ut
1588 2257 1657 2286 fuse
1680 2258 1787 2288 scribit

963 2298 1033 2336 ipse
1049 2296 1170 2328 Plinius
1186 2298 1259 2329 Lib.
1276 2300 1306 2329 2.
1330 2299 1434 2339 Epist.
1449 2302 1499 2329 11.

1004 2339 1100 2368 Inani
1117 2339 1270 2382 Judicio.]
1312 2341 1350 2372 ln
1371 2353 1437 2382 quo
1464 2342 1540 2371 lieet
1555 2342 1723 2372 damnatus
1745 2345 1786 2374 sit

961 2382 1096 2420 Marius,
1122 2386 1403 2424 expostulantibus
1430 2385 1515 2416 Afris
1539 2385 1593 2422 jus
1624 2385 1783 2416 redditum

960 2434 1025 2455 non
1042 2430 1100 2464 est,
1123 2437 1183 2457 nec
1195 2428 1306 2458 ablatcc
1323 2437 1399 2467 opes
1414 2429 1575 2458 restitutae.

1005 2469 1056 2498 48.
1104 2469 1187 2503 Quid
1213 2471 1292 2500 enim
1317 2471 1420 2509 salvis,
1454 2469 1520 2509 ἐξα]
1564 2470 1665 2501 Ironia
1679 2473 1782 2513 indig-

960 2511 1098 2542 nationis
1112 2514 1218 2551 plena.

996 2555 1049 2585 49.
1093 2556 1143 2585 Ab
1156 2556 1262 2588 οιίαυὰ
1278 2557 1379 2596 bibit]
1407 2556 1555 2595 Impense
1571 2556 1697 2589 laetatur
1710 2569 1781 2590 reus

956 2599 1046 2632 exul,
1070 2599 1098 2628 &
1118 2606 1193 2630 ante
1215 2601 1290 2629 alios
1311 2600 1415 2638 epulis
1436 2599 1594 2639 indulget,
1617 2602 1708 2639 quasi
1735 2603 1783 2632 in-

951 2642 1074 2671 sultans
1096 2641 1334 2673 damnatoribus
1350 2643 1513 2680 Romanis,
1530 2643 1558 2671 di:
1574 2643 1660 2673 Afris
1678 2646 1778 2675 victo-

958 2685 1057 2719 ribus.

996 2728 1046 2758 Ab
1068 2728 1203 2767 octavo]
1249 2727 1360 2757 Romae
1390 2729 1537 2758 lavabant
1562 2729 1637 2760 hora
1661 2732 1782 2769 octava,

952 2774 1038 2802 nona
1052 2772 1285 2802 accumbebant
1298 2781 1415 2803 mensae
1431 2772 1652 2802 &coenabant.
1681 2774 1781 2805 Alex.

956 2814 995 2844 ab
1011 2816 1107 2845 Alex.
1140 2814 1209 2843 Lib.
1224 2816 1252 2843 5.
1276 2824 1334 2852 cap
1361 2815 1414 2844 21.
1464 2815 1546 2855 Ergo
1571 2815 1692 2845 Marius
1713 2817 1782 2846 aliis

957 2859 1098 2895 przeibat.
1141 2856 1226 2887 Vide
1241 2867 1313 2896 une
1339 2858 1403 2887 Sat.
1421 2859 1452 2888 3.
1498 2858 1604 2894 Persii,
1633 2868 1661 2887 v.
1686 2860 1716 2887 4.
1740 2859 1781 2888 de

956 2900 1006 2930 die
1018 2900 1153 2930 naturali
1168 2901 1196 2930 ἃ
1211 2901 1295 2930 civili
1305 2901 1537 2939 explicabimus
1551 2912 1558 2929 :
1586 2900 1672 2930 unde
1687 2901 1783 2931 intel·

958 2943 1036 2982 liges
1068 2943 1298 2982 accipiendam,
1324 2945 1376 2973 hic
1412 2944 1524 2974 horam
1555 2949 1699 2973 octavam
1719 2944 1784 2974 diei

957 2987 1121 3025 naturalis,
1143 2996 1215 3025 quae
1238 2987 1330 3017 nobis
1345 2987 1476 3025 quidem
1492 2986 1619 3017 Francis
1640 2992 1688 3016 est
1702 2987 1780 3017 hora

956 3028 1021 3059 fere
1036 3029 1177 3060 secunda
1198 3030 1426 3068 pomeridiana.

1001 3071 1128 3102 Fruitur
1142 3072 1214 3104 Diis
1235 3072 1348 3112 iratis]
1393 3073 1446 3104 Ab
1475 3071 1606 3104 infensis
1631 3072 1684 3103 ille
1710 3073 1784 3104 Diis
