<?xml version="1.0" encoding="UTF-8"?>
<!DOCTYPE html PUBLIC "-//W3C//DTD XHTML 1.0 Transitional//EN"
    "http://www.w3.org/TR/xhtml1/DTD/xhtml1-transitional.dtd">
<html xmlns="http://www.w3.org/1999/xhtml" xml:lang="en" lang="en">
 <head>
  <title>
</title>
<meta http-equiv="Content-Type" content="text/html;charset=utf-8" />
  <meta name='ocr-system' content='tesseract 3.04.00' />
  <meta name='ocr-capabilities' content='ocr_page ocr_carea ocr_par ocr_line ocrx_word'/>
</head>
<body>
  <div class='ocr_page' id='page_1' title='image "./djuniijuvenalis00juveuoft/djuniijuvenalis00juveuoft_0179.png"; bbox 0 0 1948 3281; ppageno 0'>
   <div class='ocr_carea' id='block_1_1' title="bbox 622 88 1344 133">
    <p class='ocr_par' dir='ltr' id='par_1_1' title="bbox 622 88 1344 133">
     <span class='ocr_line' id='line_1_1' title="bbox 622 88 1344 133; baseline -0.004 0"><span class='ocrx_word' id='word_1_1' title='bbox 622 88 961 133; x_wconf 85' lang='lat' dir='ltr'><strong>JUVENALIS</strong></span> <span class='ocrx_word' id='word_1_2' title='bbox 994 88 1210 132; x_wconf 91' lang='lat' dir='ltr'><strong>SATIRA</strong></span> <span class='ocrx_word' id='word_1_3' title='bbox 1240 90 1344 132; x_wconf 86' lang='lat' dir='ltr'><strong>VII.</strong></span> 
     </span>
    </p>
   </div>
   <div class='ocr_carea' id='block_1_2' title="bbox 111 181 759 238">
    <p class='ocr_par' dir='ltr' id='par_1_2' title="bbox 111 181 759 238">
     <span class='ocr_line' id='line_1_2' title="bbox 111 181 759 238; baseline -0.006 -11"><span class='ocrx_word' id='word_1_4' title='bbox 111 185 176 227; x_wconf 90' lang='lat' dir='ltr'><strong>Ut</strong></span> <span class='ocrx_word' id='word_1_5' title='bbox 196 182 314 226; x_wconf 87' lang='lat' dir='ltr'><strong>toties</strong></span> <span class='ocrx_word' id='word_1_6' title='bbox 338 181 454 225; x_wconf 89' lang='lat' dir='ltr'><strong>illum</strong></span> <span class='ocrx_word' id='word_1_7' title='bbox 478 190 587 238; x_wconf 84' lang='lat' dir='ltr'><strong>pater</strong></span> <span class='ocrx_word' id='word_1_8' title='bbox 608 182 759 224; x_wconf 87' lang='lat' dir='ltr'><strong>audiat.</strong></span> 
     </span>
    </p>
   </div>
   <div class='ocr_carea' id='block_1_3' title="bbox 110 181 1218 700">
    <p class='ocr_par' dir='ltr' id='par_1_3' title="bbox 821 181 1080 224">
     <span class='ocr_line' id='line_1_3' title="bbox 821 181 1080 224; baseline -0.004 0"><span class='ocrx_word' id='word_1_9' title='bbox 821 183 902 224; x_wconf 87' lang='lat' dir='ltr'><strong>Ast</strong></span> <span class='ocrx_word' id='word_1_10' title='bbox 923 181 988 223; x_wconf 88' lang='lat' dir='ltr'><strong>alii</strong></span> <span class='ocrx_word' id='word_1_11' title='bbox 1012 197 1080 223; x_wconf 85' lang='lat' dir='ltr'><strong>sex</strong></span> 
     </span>
    </p>

    <p class='ocr_par' dir='ltr' id='par_1_4' title="bbox 111 240 1036 297">
     <span class='ocr_line' id='line_1_4' title="bbox 111 240 1036 297; baseline -0.003 -14"><span class='ocrx_word' id='word_1_12' title='bbox 111 244 167 284; x_wconf 88' lang='lat' dir='ltr'><strong>Et</strong></span> <span class='ocrx_word' id='word_1_13' title='bbox 190 243 321 297; x_wconf 89' lang='lat' dir='ltr'><strong>plures</strong></span> <span class='ocrx_word' id='word_1_14' title='bbox 344 255 428 282; x_wconf 92' lang='lat' dir='ltr'><strong>uno</strong></span> <span class='ocrx_word' id='word_1_15' title='bbox 452 240 713 281; x_wconf 84' lang='lat' dir='ltr'>conclamant</span> <span class='ocrx_word' id='word_1_16' title='bbox 734 254 803 282; x_wconf 88' lang='lat' dir='ltr'><strong>ore</strong></span> <span class='ocrx_word' id='word_1_17' title='bbox 825 240 1036 295; x_wconf 84' lang='lat' dir='ltr'><strong>sophistae,</strong></span> 
     </span>
    </p>

    <p class='ocr_par' dir='ltr' id='par_1_5' title="bbox 112 297 979 355">
     <span class='ocr_line' id='line_1_5' title="bbox 112 297 979 355; baseline -0.002 -15"><span class='ocrx_word' id='word_1_18' title='bbox 112 301 167 341; x_wconf 89' lang='lat' dir='ltr'><strong>Et</strong></span> <span class='ocrx_word' id='word_1_19' title='bbox 189 313 298 340; x_wconf 86' lang='lat' dir='ltr'><strong>veras</strong></span> <span class='ocrx_word' id='word_1_20' title='bbox 319 299 472 355; x_wconf 78' lang='lat' dir='ltr'><strong>agitant</strong></span> <span class='ocrx_word' id='word_1_21' title='bbox 494 298 600 350; x_wconf 77' lang='lat' dir='ltr'><strong>lites,</strong></span> <span class='ocrx_word' id='word_1_22' title='bbox 633 306 788 353; x_wconf 87' lang='lat' dir='ltr'><strong>raptore</strong></span> <span class='ocrx_word' id='word_1_23' title='bbox 811 297 979 340; x_wconf 88' lang='lat' dir='ltr'><strong>relicto:</strong></span> 
     </span>
    </p>

    <p class='ocr_par' dir='ltr' id='par_1_6' title="bbox 110 354 1218 585">
     <span class='ocr_line' id='line_1_6' title="bbox 111 354 1206 411; baseline -0.002 -13"><span class='ocrx_word' id='word_1_24' title='bbox 111 358 220 398; x_wconf 89' lang='lat' dir='ltr'><strong>Fusa</strong></span> <span class='ocrx_word' id='word_1_25' title='bbox 240 371 393 397; x_wconf 91' lang='lat' dir='ltr'><strong>venena</strong></span> <span class='ocrx_word' id='word_1_26' title='bbox 415 354 550 408; x_wconf 87' lang='lat' dir='ltr'><strong>silent,</strong></span> <span class='ocrx_word' id='word_1_27' title='bbox 581 355 712 397; x_wconf 88' lang='lat' dir='ltr'><strong>malus</strong></span> <span class='ocrx_word' id='word_1_28' title='bbox 735 355 998 411; x_wconf 82' lang='lat' dir='ltr'><strong>ingratusque</strong></span> <span class='ocrx_word' id='word_1_29' title='bbox 1019 354 1206 406; x_wconf 84' lang='lat' dir='ltr'><strong>maritus,</strong></span> 
     </span>
     <span class='ocr_line' id='line_1_7' title="bbox 111 413 1117 470; baseline -0.001 -15"><span class='ocrx_word' id='word_1_30' title='bbox 111 415 167 455; x_wconf 90' lang='lat' dir='ltr'><strong>Et</strong></span> <span class='ocrx_word' id='word_1_31' title='bbox 189 429 283 470; x_wconf 83' lang='lat' dir='ltr'><strong>quae</strong></span> <span class='ocrx_word' id='word_1_32' title='bbox 300 414 386 470; x_wconf 85' lang='lat' dir='ltr'><strong>jam</strong></span> <span class='ocrx_word' id='word_1_33' title='bbox 410 423 561 455; x_wconf 81' lang='lat' dir='ltr'><strong>veteres</strong></span> <span class='ocrx_word' id='word_1_34' title='bbox 585 422 728 455; x_wconf 85' lang='lat' dir='ltr'><strong>sanant</strong></span> <span class='ocrx_word' id='word_1_35' title='bbox 750 413 942 454; x_wconf 86' lang='lat' dir='ltr'><strong>mortaria</strong></span> <span class='ocrx_word' id='word_1_36' title='bbox 964 427 1117 454; x_wconf 85' lang='lat' dir='ltr'><strong>coecos.</strong></span> 
     </span>
     <span class='ocr_line' id='line_1_8' title="bbox 110 470 1218 528; baseline 0 -16"><span class='ocrx_word' id='word_1_37' title='bbox 110 472 222 528; x_wconf 84' lang='lat' dir='ltr'><strong>Ergo</strong></span> <span class='ocrx_word' id='word_1_38' title='bbox 245 471 320 512; x_wconf 85' lang='lat' dir='ltr'>sibi</span> <span class='ocrx_word' id='word_1_39' title='bbox 342 471 454 513; x_wconf 89' lang='lat' dir='ltr'><strong>dabit</strong></span> <span class='ocrx_word' id='word_1_40' title='bbox 477 472 561 527; x_wconf 89' lang='lat' dir='ltr'><strong>ipse</strong></span> <span class='ocrx_word' id='word_1_41' title='bbox 584 471 742 522; x_wconf 85' lang='lat' dir='ltr'><strong>rudem,</strong></span> <span class='ocrx_word' id='word_1_42' title='bbox 776 470 808 511; x_wconf 89' lang='lat' dir='ltr'><strong>si</strong></span> <span class='ocrx_word' id='word_1_43' title='bbox 832 483 970 512; x_wconf 87' lang='lat' dir='ltr'><strong>nostra</strong></span> <span class='ocrx_word' id='word_1_44' title='bbox 991 470 1218 512; x_wconf 87' lang='lat' dir='ltr'><strong>movebunt</strong></span> 
     </span>
     <span class='ocr_line' id='line_1_9' title="bbox 116 528 1120 585; baseline -0.001 -15"><span class='ocrx_word' id='word_1_45' title='bbox 116 529 321 580; x_wconf 87' lang='lat' dir='ltr'><strong>Consilia,</strong></span> <span class='ocrx_word' id='word_1_46' title='bbox 357 529 397 570; x_wconf 75' lang='lat' dir='ltr'><strong>Sc</strong></span> <span class='ocrx_word' id='word_1_47' title='bbox 415 529 510 571; x_wconf 82' lang='lat' dir='ltr'><strong>vitae</strong></span> <span class='ocrx_word' id='word_1_48' title='bbox 534 529 738 570; x_wconf 88' lang='lat' dir='ltr'><strong>diversum</strong></span> <span class='ocrx_word' id='word_1_49' title='bbox 762 528 835 570; x_wconf 87' lang='lat' dir='ltr'><strong>iter</strong></span> <span class='ocrx_word' id='word_1_50' title='bbox 858 528 1120 585; x_wconf 80' lang='lat' dir='ltr'><strong>ingredietur,</strong></span> 
     </span>
    </p>

    <p class='ocr_par' dir='ltr' id='par_1_7' title="bbox 111 586 1182 700">
     <span class='ocr_line' id='line_1_10' title="bbox 111 586 1182 643; baseline 0.001 -16"><span class='ocrx_word' id='word_1_51' title='bbox 111 586 181 627; x_wconf 79' lang='lat' dir='ltr'><strong>Ad</strong></span> <span class='ocrx_word' id='word_1_52' title='bbox 205 601 384 643; x_wconf 82' lang='lat' dir='ltr'><strong>pugnam</strong></span> <span class='ocrx_word' id='word_1_53' title='bbox 408 588 478 643; x_wconf 86' lang='lat' dir='ltr'><strong>qui</strong></span> <span class='ocrx_word' id='word_1_54' title='bbox 500 586 701 628; x_wconf 74' lang='lat' dir='ltr'><strong>rhetorica</strong></span> <span class='ocrx_word' id='word_1_55' title='bbox 722 586 930 628; x_wconf 86' lang='lat' dir='ltr'><strong>descendit</strong></span> <span class='ocrx_word' id='word_1_56' title='bbox 953 587 1001 628; x_wconf 89' lang='lat' dir='ltr'><strong>ab</strong></span> <span class='ocrx_word' id='word_1_57' title='bbox 1023 586 1182 638; x_wconf 85' lang='lat' dir='ltr'><strong>umbra,</strong></span> 
     </span>
     <span class='ocr_line' id='line_1_11' title="bbox 113 643 1106 700; baseline -0.002 -14"><span class='ocrx_word' id='word_1_58' title='bbox 113 645 334 686; x_wconf 76' lang='lat' dir='ltr'><strong>Summula</strong></span> <span class='ocrx_word' id='word_1_59' title='bbox 354 660 405 685; x_wconf 90' lang='lat' dir='ltr'><strong>ne</strong></span> <span class='ocrx_word' id='word_1_60' title='bbox 429 655 576 700; x_wconf 85' lang='lat' dir='ltr'><strong>pereat,</strong></span> <span class='ocrx_word' id='word_1_61' title='bbox 610 646 693 699; x_wconf 64' lang='lat' dir='ltr'><strong>qua</strong></span> <span class='ocrx_word' id='word_1_62' title='bbox 713 643 804 686; x_wconf 89' lang='lat' dir='ltr'><strong>vilis</strong></span> <span class='ocrx_word' id='word_1_63' title='bbox 829 653 976 685; x_wconf 82' lang='lat' dir='ltr'><strong>tessera</strong></span> <span class='ocrx_word' id='word_1_64' title='bbox 996 644 1106 685; x_wconf 87' lang='lat' dir='ltr'><strong>venit</strong></span> 
     </span>
    </p>
   </div>
   <div class='ocr_carea' id='block_1_4' title="bbox 1749 91 1824 132">
    <p class='ocr_par' dir='ltr' id='par_1_8' title="bbox 1749 91 1824 132">
     <span class='ocr_line' id='line_1_12' title="bbox 1749 91 1824 132; baseline 0 0"><span class='ocrx_word' id='word_1_65' title='bbox 1749 91 1824 132; x_wconf 83' lang='lat'><strong>135</strong></span> 
     </span>
    </p>
   </div>
   <div class='ocr_carea' id='block_1_5' title="bbox 1223 182 1875 704">
    <p class='ocr_par' dir='ltr' id='par_1_9' title="bbox 1223 182 1875 704">
     <span class='ocr_line' id='line_1_13' title="bbox 1223 182 1825 230; baseline 0.002 -12"><span class='ocrx_word' id='word_1_66' title='bbox 1223 182 1302 222; x_wconf 76' lang='lat' dir='ltr'><strong>16ss</strong></span> <span class='ocrx_word' id='word_1_67' title='bbox 1316 194 1348 219; x_wconf 69' lang='lat' dir='ltr'><strong>a!</strong></span> <span class='ocrx_word' id='word_1_68' title='bbox 1362 193 1407 219; x_wconf 80' lang='lat' dir='ltr'><strong>tot</strong></span> <span class='ocrx_word' id='word_1_69' title='bbox 1420 189 1534 219; x_wconf 61' lang='lat' dir='ltr'><strong>vicibus</strong></span> <span class='ocrx_word' id='word_1_70' title='bbox 1545 198 1608 218; x_wconf 79' lang='lat' dir='ltr'><strong>eum</strong></span> <span class='ocrx_word' id='word_1_71' title='bbox 1622 191 1825 230; x_wconf 68' lang='lat' dir='ltr'><strong>genitorum-</strong></span> 
     </span>
     <span class='ocr_line' id='line_1_14' title="bbox 1315 232 1824 271; baseline 0.004 -9"><span class='ocrx_word' id='word_1_72' title='bbox 1315 235 1419 262; x_wconf 79' lang='lat' dir='ltr'><strong>cultet.</strong></span> <span class='ocrx_word' id='word_1_73' title='bbox 1479 233 1540 262; x_wconf 86' lang='lat' dir='ltr'><strong>Sed</strong></span> <span class='ocrx_word' id='word_1_74' title='bbox 1574 232 1631 262; x_wconf 77' lang='lat' dir='ltr'><strong>alii</strong></span> <span class='ocrx_word' id='word_1_75' title='bbox 1668 244 1731 271; x_wconf 67' lang='lat' dir='ltr'><strong>sex,</strong></span> <span class='ocrx_word' id='word_1_76' title='bbox 1767 235 1824 264; x_wconf 67' lang='lat' dir='ltr'><strong>inni</strong></span> 
     </span>
     <span class='ocr_line' id='line_1_15' title="bbox 1310 275 1826 315; baseline 0.004 -10"><span class='ocrx_word' id='word_1_77' title='bbox 1310 277 1416 314; x_wconf 76' lang='lat' dir='ltr'><strong>plures</strong></span> <span class='ocrx_word' id='word_1_78' title='bbox 1438 275 1583 315; x_wconf 67' lang='lat' dir='ltr'><strong>Sophistae</strong></span> <span class='ocrx_word' id='word_1_79' title='bbox 1592 276 1664 314; x_wconf 73' lang='lat' dir='ltr'><strong>pari</strong></span> <span class='ocrx_word' id='word_1_80' title='bbox 1678 287 1745 305; x_wconf 66' lang='lat' dir='ltr'><strong>soce</strong></span> <span class='ocrx_word' id='word_1_81' title='bbox 1761 278 1826 307; x_wconf 76' lang='lat' dir='ltr'><strong>cla-</strong></span> 
     </span>
     <span class='ocr_line' id='line_1_16' title="bbox 1316 323 1826 357; baseline -0.002 -11"><span class='ocrx_word' id='word_1_82' title='bbox 1316 323 1399 349; x_wconf 72' lang='lat' dir='ltr'><strong>man(</strong></span> <span class='ocrx_word' id='word_1_83' title='bbox 1416 330 1427 351; x_wconf 89' lang='grc'><strong>,·</strong></span> <span class='ocrx_word' id='word_1_84' title='bbox 1448 324 1539 357; x_wconf 70' lang='lat' dir='ltr'><strong>alque</strong></span> <span class='ocrx_word' id='word_1_85' title='bbox 1553 329 1637 348; x_wconf 70' lang='lat' dir='ltr'><strong>veras</strong></span> <span class='ocrx_word' id='word_1_86' title='bbox 1651 323 1826 348; x_wconf 70' lang='lat' dir='ltr'><strong>conlrorztr..</strong></span> 
     </span>
     <span class='ocr_line' id='line_1_17' title="bbox 1314 362 1875 400; baseline 0 -8"><span class='ocrx_word' id='word_1_87' title='bbox 1314 363 1377 392; x_wconf 78' lang='lat' dir='ltr'><strong>sias</strong></span> <span class='ocrx_word' id='word_1_88' title='bbox 1400 366 1551 400; x_wconf 75' lang='lat' dir='ltr'><strong>tractant,</strong></span> <span class='ocrx_word' id='word_1_89' title='bbox 1575 362 1694 392; x_wconf 63' lang='lat' dir='ltr'><strong>dimisso</strong></span> <span class='ocrx_word' id='word_1_90' title='bbox 1717 362 1829 392; x_wconf 72' lang='lat' dir='ltr'><strong>abduc·</strong></span> <span class='ocrx_word' id='word_1_91' title='bbox 1872 377 1875 380; x_wconf 86' lang='lat'>·</span> 
     </span>
     <span class='ocr_line' id='line_1_18' title="bbox 1227 405 1829 458; baseline -0.002 -24"><span class='ocrx_word' id='word_1_92' title='bbox 1227 409 1402 458; x_wconf 74' lang='lat' dir='ltr'><strong>170lore;</strong></span> <span class='ocrx_word' id='word_1_93' title='bbox 1424 409 1527 434; x_wconf 74' lang='lat' dir='ltr'><strong>tacent</strong></span> <span class='ocrx_word' id='word_1_94' title='bbox 1551 406 1692 434; x_wconf 71' lang='lat' dir='ltr'><strong>admixta</strong></span> <span class='ocrx_word' id='word_1_95' title='bbox 1715 405 1829 444; x_wconf 65' lang='lat' dir='ltr'><strong>toa-ica,</strong></span> 
     </span>
     <span class='ocr_line' id='line_1_19' title="bbox 1318 449 1829 488; baseline -0.002 -10"><span class='ocrx_word' id='word_1_96' title='bbox 1318 449 1430 488; x_wconf 70' lang='lat' dir='ltr'><strong>conjnx</strong></span> <span class='ocrx_word' id='word_1_97' title='bbox 1458 458 1586 487; x_wconf 72' lang='lat' dir='ltr'><strong>nequam</strong></span> <span class='ocrx_word' id='word_1_98' title='bbox 1614 451 1637 487; x_wconf 65' lang='lat'><strong>«¹³3</strong></span> <span class='ocrx_word' id='word_1_99' title='bbox 1673 449 1829 487; x_wconf 67' lang='lat' dir='ltr'><strong>ingratiis,</strong></span> 
     </span>
     <span class='ocr_line' id='line_1_20' title="bbox 1318 492 1830 531; baseline -0.004 -9"><span class='ocrx_word' id='word_1_100' title='bbox 1318 496 1411 531; x_wconf 79' lang='lat' dir='ltr'><strong>atque</strong></span> <span class='ocrx_word' id='word_1_101' title='bbox 1446 492 1590 521; x_wconf 73' lang='lat' dir='ltr'><strong>mortaria</strong></span> <span class='ocrx_word' id='word_1_102' title='bbox 1626 502 1691 531; x_wconf 76' lang='lat' dir='ltr'><strong>quoe</strong></span> <span class='ocrx_word' id='word_1_103' title='bbox 1722 495 1830 520; x_wconf 61' lang='lat' dir='ltr'><strong>curant</strong></span> 
     </span>
     <span class='ocr_line' id='line_1_21' title="bbox 1320 534 1831 574; baseline 0 -10"><span class='ocrx_word' id='word_1_104' title='bbox 1320 545 1417 565; x_wconf 58' lang='lat' dir='ltr'><strong>cwcoc</strong></span> <span class='ocrx_word' id='word_1_105' title='bbox 1431 535 1502 573; x_wconf 80' lang='lat' dir='ltr'><strong>jam</strong></span> <span class='ocrx_word' id='word_1_106' title='bbox 1525 535 1674 574; x_wconf 77' lang='lat' dir='ltr'><strong>antiquos.</strong></span> <span class='ocrx_word' id='word_1_107' title='bbox 1718 534 1831 573; x_wconf 73' lang='lat' dir='ltr'><strong>Itaque</strong></span> 
     </span>
     <span class='ocr_line' id='line_1_22' title="bbox 1321 578 1832 616; baseline -0.004 -8"><span class='ocrx_word' id='word_1_108' title='bbox 1321 579 1349 608; x_wconf 77' lang='lat' dir='ltr'><strong>si</strong></span> <span class='ocrx_word' id='word_1_109' title='bbox 1370 582 1504 608; x_wconf 52' lang='lat' dir='ltr'><strong>nostrum</strong></span> <span class='ocrx_word' id='word_1_110' title='bbox 1526 578 1638 608; x_wconf 72' lang='lat' dir='ltr'><strong>valebit</strong></span> <span class='ocrx_word' id='word_1_111' title='bbox 1665 578 1832 616; x_wconf 77' lang='lat' dir='ltr'><strong>consilium,</strong></span> 
     </span>
     <span class='ocr_line' id='line_1_23' title="bbox 1322 620 1831 660; baseline 0 -10"><span class='ocrx_word' id='word_1_112' title='bbox 1322 622 1347 650; x_wconf 78' lang='lat' dir='ltr'><strong>is</strong></span> <span class='ocrx_word' id='word_1_113' title='bbox 1363 622 1415 660; x_wconf 75' lang='lat' dir='ltr'><strong>qni</strong></span> <span class='ocrx_word' id='word_1_114' title='bbox 1430 631 1467 650; x_wconf 71' lang='lat' dir='ltr'><strong>ex</strong></span> <span class='ocrx_word' id='word_1_115' title='bbox 1482 622 1587 651; x_wconf 81' lang='lat' dir='ltr'><strong>umbra</strong></span> <span class='ocrx_word' id='word_1_116' title='bbox 1602 620 1765 651; x_wconf 74' lang='lat' dir='ltr'><strong><em>Rhetorica</em></strong></span> <span class='ocrx_word' id='word_1_117' title='bbox 1781 631 1831 650; x_wconf 77' lang='lat' dir='ltr'><strong>ve-</strong></span> 
     </span>
     <span class='ocr_line' id='line_1_24' title="bbox 1322 664 1833 704; baseline 0.002 -12"><span class='ocrx_word' id='word_1_118' title='bbox 1322 665 1367 693; x_wconf 79' lang='lat' dir='ltr'><strong>nit</strong></span> <span class='ocrx_word' id='word_1_119' title='bbox 1397 665 1438 694; x_wconf 83' lang='lat' dir='ltr'><strong>ad</strong></span> <span class='ocrx_word' id='word_1_120' title='bbox 1474 668 1636 701; x_wconf 84' lang='lat' dir='ltr'><strong>certamen,</strong></span> <span class='ocrx_word' id='word_1_121' title='bbox 1675 665 1737 704; x_wconf 76' lang='lat' dir='ltr'><strong>ipse</strong></span> <span class='ocrx_word' id='word_1_122' title='bbox 1775 664 1833 693; x_wconf 81' lang='lat' dir='ltr'><strong>sibi</strong></span> 
     </span>
    </p>
   </div>
   <div class='ocr_carea' id='block_1_6' title="bbox 113 701 1833 760">
    <p class='ocr_par' dir='ltr' id='par_1_10' title="bbox 113 701 1833 760">
     <span class='ocr_line' id='line_1_25' title="bbox 113 701 1833 760; baseline 0.002 -18"><span class='ocrx_word' id='word_1_123' title='bbox 113 702 342 744; x_wconf 86' lang='lat' dir='ltr'><strong>Frumenti.</strong></span> <span class='ocrx_word' id='word_1_124' title='bbox 401 702 567 760; x_wconf 66' lang='lat' dir='ltr'><strong>Quippe</strong></span> <span class='ocrx_word' id='word_1_125' title='bbox 590 702 679 742; x_wconf 75' lang='lat' dir='ltr'><strong>haec</strong></span> <span class='ocrx_word' id='word_1_126' title='bbox 700 716 857 742; x_wconf 82' lang='lat' dir='ltr'><strong>merces</strong></span> <span class='ocrx_word' id='word_1_127' title='bbox 880 701 1120 743; x_wconf 84' lang='lat' dir='ltr'><strong>lautissima.</strong></span> <span class='ocrx_word' id='word_1_128' title='bbox 1179 702 1311 743; x_wconf 87' lang='lat' dir='ltr'><strong>Tenta</strong></span> <span class='ocrx_word' id='word_1_129' title='bbox 1322 708 1489 737; x_wconf 65' lang='lat' dir='ltr'><strong>missionem</strong></span> <span class='ocrx_word' id='word_1_130' title='bbox 1504 707 1666 748; x_wconf 77' lang='lat' dir='ltr'><strong>largietur,</strong></span> <span class='ocrx_word' id='word_1_131' title='bbox 1684 707 1833 745; x_wconf 77' lang='lat' dir='ltr'><strong>inibieque</strong></span> 
     </span>
    </p>
   </div>
   <div class='ocr_carea' id='block_1_7' title="bbox 112 759 1166 930">
    <p class='ocr_par' dir='ltr' id='par_1_11' title="bbox 112 759 1166 930">
     <span class='ocr_line' id='line_1_26' title="bbox 114 759 1166 816; baseline 0 -15"><span class='ocrx_word' id='word_1_132' title='bbox 114 759 412 816; x_wconf 76' lang='lat' dir='ltr'>Chrysogonus</span> <span class='ocrx_word' id='word_1_133' title='bbox 435 759 577 816; x_wconf 86' lang='lat' dir='ltr'><strong>quanti</strong></span> <span class='ocrx_word' id='word_1_134' title='bbox 600 759 758 810; x_wconf 82' lang='lat' dir='ltr'><strong>doceat,</strong></span> <span class='ocrx_word' id='word_1_135' title='bbox 791 759 852 799; x_wconf 86' lang='lat' dir='ltr'><strong>vel</strong></span> <span class='ocrx_word' id='word_1_136' title='bbox 873 759 1001 800; x_wconf 91' lang='lat' dir='ltr'><strong>Pollio</strong></span> <span class='ocrx_word' id='word_1_137' title='bbox 1024 759 1166 814; x_wconf 89' lang='lat' dir='ltr'><strong>quanti</strong></span> 
     </span>
     <span class='ocr_line' id='line_1_27' title="bbox 115 815 1146 872; baseline 0.003 -15"><span class='ocrx_word' id='word_1_138' title='bbox 115 818 344 858; x_wconf 85' lang='lat' dir='ltr'>Lautorum</span> <span class='ocrx_word' id='word_1_139' title='bbox 367 832 528 872; x_wconf 88' lang='lat' dir='ltr'><strong>pueros,</strong></span> <span class='ocrx_word' id='word_1_140' title='bbox 561 825 688 858; x_wconf 87' lang='lat' dir='ltr'><strong>artem</strong></span> <span class='ocrx_word' id='word_1_141' title='bbox 711 815 901 857; x_wconf 83' lang='lat' dir='ltr'><strong>scindens</strong></span> <span class='ocrx_word' id='word_1_142' title='bbox 922 816 1146 860; x_wconf 83' lang='lat' dir='ltr'><strong>Theodori.</strong></span> 
     </span>
     <span class='ocr_line' id='line_1_28' title="bbox 112 873 1111 930; baseline 0 -14"><span class='ocrx_word' id='word_1_143' title='bbox 112 874 265 916; x_wconf 81' lang='lat' dir='ltr'><strong>Balnea</strong></span> <span class='ocrx_word' id='word_1_144' title='bbox 287 874 503 926; x_wconf 83' lang='lat' dir='ltr'><strong>sexcentis,</strong></span> <span class='ocrx_word' id='word_1_145' title='bbox 532 874 571 915; x_wconf 69' lang='grc' dir='ltr'><strong>δε</strong></span> <span class='ocrx_word' id='word_1_146' title='bbox 593 873 717 928; x_wconf 90' lang='lat' dir='ltr'><strong>pluris</strong></span> <span class='ocrx_word' id='word_1_147' title='bbox 741 874 938 929; x_wconf 86' lang='lat' dir='ltr'><strong>porticus,</strong></span> <span class='ocrx_word' id='word_1_148' title='bbox 963 874 1005 915; x_wconf 88' lang='lat' dir='ltr'><strong>in</strong></span> <span class='ocrx_word' id='word_1_149' title='bbox 1029 889 1111 930; x_wconf 88' lang='lat' dir='ltr'><strong>qua</strong></span> 
     </span>
    </p>
   </div>
   <div class='ocr_carea' id='block_1_8' title="bbox 1232 750 1837 962">
    <p class='ocr_par' dir='ltr' id='par_1_12' title="bbox 1232 750 1837 962">
     <span class='ocr_line' id='line_1_29' title="bbox 1232 750 1835 805; baseline 0 -26"><span class='ocrx_word' id='word_1_150' title='bbox 1232 760 1309 805; x_wconf 78' lang='lat'><strong>176</strong></span> <span class='ocrx_word' id='word_1_151' title='bbox 1323 750 1407 780; x_wconf 80' lang='lat' dir='ltr'><strong>aliud</strong></span> <span class='ocrx_word' id='word_1_152' title='bbox 1436 751 1556 780; x_wconf 66' lang='lat' dir='ltr'><strong>vivendi</strong></span> <span class='ocrx_word' id='word_1_153' title='bbox 1582 751 1768 789; x_wconf 78' lang='lat' dir='ltr'><strong>institutum,</strong></span> <span class='ocrx_word' id='word_1_154' title='bbox 1799 753 1835 779; x_wconf 73' lang='lat' dir='ltr'><strong>ut</strong></span> 
     </span>
     <span class='ocr_line' id='line_1_30' title="bbox 1323 794 1835 833; baseline 0 -11"><span class='ocrx_word' id='word_1_155' title='bbox 1323 804 1380 823; x_wconf 62' lang='lat' dir='ltr'><strong>‘non</strong></span> <span class='ocrx_word' id='word_1_156' title='bbox 1411 794 1487 823; x_wconf 80' lang='lat' dir='ltr'><strong>desit</strong></span> <span class='ocrx_word' id='word_1_157' title='bbox 1514 794 1546 823; x_wconf 84' lang='lat' dir='ltr'><strong>ei</strong></span> <span class='ocrx_word' id='word_1_158' title='bbox 1576 804 1671 833; x_wconf 83' lang='lat' dir='ltr'><strong>parva</strong></span> <span class='ocrx_word' id='word_1_159' title='bbox 1704 803 1835 831; x_wconf 75' lang='lat' dir='ltr'><strong>Summa,</strong></span> 
     </span>
     <span class='ocr_line' id='line_1_31' title="bbox 1322 836 1837 875; baseline 0.002 -10"><span class='ocrx_word' id='word_1_160' title='bbox 1322 836 1383 875; x_wconf 66' lang='lat' dir='ltr'><strong>qna</strong></span> <span class='ocrx_word' id='word_1_161' title='bbox 1409 838 1610 867; x_wconf 78' lang='lat' dir='ltr'><strong>venumdatur</strong></span> <span class='ocrx_word' id='word_1_162' title='bbox 1636 837 1752 866; x_wconf 69' lang='lat' dir='ltr'><strong>modica</strong></span> <span class='ocrx_word' id='word_1_163' title='bbox 1782 836 1837 866; x_wconf 73' lang='grc' dir='ltr'><strong>ἰή-</strong></span> 
     </span>
     <span class='ocr_line' id='line_1_32' title="bbox 1324 879 1837 910; baseline 0 -2"><span class='ocrx_word' id='word_1_164' title='bbox 1324 879 1378 908; x_wconf 73' lang='lat' dir='ltr'><strong>tici</strong></span> <span class='ocrx_word' id='word_1_165' title='bbox 1415 880 1572 909; x_wconf 67' lang='lat' dir='ltr'><strong>tesserula.</strong></span> <span class='ocrx_word' id='word_1_166' title='bbox 1638 880 1762 910; x_wconf 82' lang='lat' dir='ltr'><strong>Etenim</strong></span> <span class='ocrx_word' id='word_1_167' title='bbox 1799 888 1837 909; x_wconf 86' lang='lat' dir='ltr'><strong>ea</strong></span> 
     </span>
     <span class='ocr_line' id='line_1_33' title="bbox 1322 923 1837 962; baseline 0 -11"><span class='ocrx_word' id='word_1_168' title='bbox 1322 923 1525 962; x_wconf 76' lang='lat' dir='ltr'><strong>compensatio</strong></span> <span class='ocrx_word' id='word_1_169' title='bbox 1540 924 1686 953; x_wconf 73' lang='lat' dir='ltr'><strong>maxima.</strong></span> <span class='ocrx_word' id='word_1_170' title='bbox 1733 924 1837 961; x_wconf 77' lang='lat' dir='ltr'><strong>Expe-</strong></span> 
     </span>
    </p>
   </div>
   <div class='ocr_carea' id='block_1_9' title="bbox 110 962 1839 1048">
    <p class='ocr_par' dir='ltr' id='par_1_13' title="bbox 110 962 1839 1048">
     <span class='ocr_line' id='line_1_34' title="bbox 114 962 1839 1003; baseline 0.003 -11"><span class='ocrx_word' id='word_1_171' title='bbox 114 963 175 995; x_wconf 84' lang='lat' dir='ltr'><strong>rire</strong></span> <span class='ocrx_word' id='word_1_172' title='bbox 187 967 301 1002; x_wconf 83' lang='lat' dir='ltr'><strong>quanto</strong></span> <span class='ocrx_word' id='word_1_173' title='bbox 314 963 415 1002; x_wconf 85' lang='lat' dir='ltr'><strong>pretio</strong></span> <span class='ocrx_word' id='word_1_174' title='bbox 434 962 657 1002; x_wconf 74' lang='lat' dir='ltr'><strong>Chrysogonus,</strong></span> <span class='ocrx_word' id='word_1_175' title='bbox 681 967 735 992; x_wconf 82' lang='lat' dir='ltr'><strong>aut</strong></span> <span class='ocrx_word' id='word_1_176' title='bbox 747 966 859 1003; x_wconf 82' lang='lat' dir='ltr'><strong>quanto</strong></span> <span class='ocrx_word' id='word_1_177' title='bbox 875 962 979 993; x_wconf 79' lang='lat' dir='ltr'><strong>Pollio</strong></span> <span class='ocrx_word' id='word_1_178' title='bbox 995 963 1207 1002; x_wconf 78' lang='lat' dir='ltr'><strong>erudiatfilios</strong></span> <span class='ocrx_word' id='word_1_179' title='bbox 1221 965 1363 1003; x_wconf 76' lang='lat' dir='ltr'><strong>divitum,</strong></span> <span class='ocrx_word' id='word_1_180' title='bbox 1387 966 1569 996; x_wconf 80' lang='lat' dir='ltr'><strong>distribuens</strong></span> <span class='ocrx_word' id='word_1_181' title='bbox 1586 966 1734 997; x_wconf 78' lang='lat' dir='ltr'><strong>Theodori</strong></span> <span class='ocrx_word' id='word_1_182' title='bbox 1747 966 1839 996; x_wconf 77' lang='lat' dir='ltr'><strong>disci-</strong></span> 
     </span>
     <span class='ocr_line' id='line_1_35' title="bbox 110 1005 1376 1048; baseline 0.002 -12"><span class='ocrx_word' id='word_1_183' title='bbox 110 1007 240 1046; x_wconf 78' lang='lat' dir='ltr'><strong>plinam.</strong></span> <span class='ocrx_word' id='word_1_184' title='bbox 284 1005 496 1037; x_wconf 76' lang='lat' dir='ltr'><strong>Extruuntur</strong></span> <span class='ocrx_word' id='word_1_185' title='bbox 512 1005 622 1036; x_wconf 83' lang='lat' dir='ltr'><strong>balnea</strong></span> <span class='ocrx_word' id='word_1_186' title='bbox 637 1007 801 1045; x_wconf 68' lang='lat' dir='ltr'><strong>sexcentis,</strong></span> <span class='ocrx_word' id='word_1_187' title='bbox 826 1009 847 1045; x_wconf 62' lang='lat'><strong>‘5-</strong></span> <span class='ocrx_word' id='word_1_188' title='bbox 863 1007 972 1046; x_wconf 79' lang='lat' dir='ltr'><strong>majori</strong></span> <span class='ocrx_word' id='word_1_189' title='bbox 987 1014 1120 1048; x_wconf 89' lang='lat' dir='ltr'><strong>sumptu</strong></span> <span class='ocrx_word' id='word_1_190' title='bbox 1132 1012 1249 1048; x_wconf 57' lang='lat' dir='ltr'><strong>mysius,</strong></span> <span class='ocrx_word' id='word_1_191' title='bbox 1272 1008 1304 1037; x_wconf 78' lang='lat' dir='ltr'><strong>in</strong></span> <span class='ocrx_word' id='word_1_192' title='bbox 1318 1019 1376 1048; x_wconf 77' lang='lat' dir='ltr'><strong>quo</strong></span> 
     </span>
    </p>
   </div>
   <div class='ocr_carea' id='block_1_10' title="bbox 907 1099 1036 1108">
    <p class='ocr_par' dir='ltr' id='par_1_14' title="bbox 907 1099 1036 1108">
     <span class='ocr_line' id='line_1_36' title="bbox 907 1099 1036 1108; baseline 0 2173"><span class='ocrx_word' id='word_1_193' title='bbox 907 1099 1036 1108; x_wconf 95' lang='lat' dir='ltr'><strong> </strong></span> 
     </span>
    </p>
   </div>
   <div class='ocr_carea' id='block_1_11' title="bbox 116 1160 972 3062">
    <p class='ocr_par' dir='ltr' id='par_1_15' title="bbox 116 1160 958 1244">
     <span class='ocr_line' id='line_1_37' title="bbox 161 1160 958 1199; baseline -0.005 -6"><span class='ocrx_word' id='word_1_194' title='bbox 161 1161 233 1193; x_wconf 84' lang='lat'><strong>166.</strong></span> <span class='ocrx_word' id='word_1_195' title='bbox 249 1161 348 1192; x_wconf 80' lang='lat' dir='ltr'><strong>Pater</strong></span> <span class='ocrx_word' id='word_1_196' title='bbox 359 1160 484 1199; x_wconf 81' lang='lat' dir='ltr'><strong>audiat]</strong></span> <span class='ocrx_word' id='word_1_197' title='bbox 509 1160 592 1190; x_wconf 88' lang='lat' dir='ltr'><strong>Vide</strong></span> <span class='ocrx_word' id='word_1_198' title='bbox 609 1160 694 1191; x_wconf 85' lang='lat' dir='ltr'><strong>Pers.</strong></span> <span class='ocrx_word' id='word_1_199' title='bbox 711 1161 778 1191; x_wconf 90' lang='lat' dir='ltr'><strong>Sat.</strong></span> <span class='ocrx_word' id='word_1_200' title='bbox 794 1161 824 1190; x_wconf 76' lang='lat' dir='ltr'><strong>S.</strong></span> <span class='ocrx_word' id='word_1_201' title='bbox 840 1161 879 1190; x_wconf 85' lang='lat' dir='ltr'><strong>ad</strong></span> <span class='ocrx_word' id='word_1_202' title='bbox 895 1170 958 1191; x_wconf 79' lang='lat' dir='ltr'><strong>ver.</strong></span> 
     </span>
     <span class='ocr_line' id='line_1_38' title="bbox 116 1205 735 1244; baseline -0.002 -9"><span class='ocrx_word' id='word_1_203' title='bbox 116 1206 171 1237; x_wconf 82' lang='lat'><strong>47.</strong></span> <span class='ocrx_word' id='word_1_204' title='bbox 197 1206 225 1235; x_wconf 68' lang='grc' dir='ltr'><strong>δι</strong></span> <span class='ocrx_word' id='word_1_205' title='bbox 240 1215 312 1244; x_wconf 84' lang='lat' dir='ltr'><strong>quae</strong></span> <span class='ocrx_word' id='word_1_206' title='bbox 330 1215 387 1236; x_wconf 89' lang='lat' dir='ltr'><strong>nos</strong></span> <span class='ocrx_word' id='word_1_207' title='bbox 404 1205 523 1234; x_wconf 81' lang='lat' dir='ltr'><strong>ibidem</strong></span> <span class='ocrx_word' id='word_1_208' title='bbox 540 1205 735 1234; x_wconf 83' lang='lat' dir='ltr'><strong>notavimus.</strong></span> 
     </span>
    </p>

    <p class='ocr_par' dir='ltr' id='par_1_16' title="bbox 120 1247 960 1373">
     <span class='ocr_line' id='line_1_39' title="bbox 160 1247 959 1287; baseline 0 -9"><span class='ocrx_word' id='word_1_209' title='bbox 160 1250 220 1279; x_wconf 78' lang='lat' dir='ltr'><strong>Ast</strong></span> <span class='ocrx_word' id='word_1_210' title='bbox 232 1248 291 1278; x_wconf 74' lang='lat' dir='ltr'><strong>alii</strong></span> <span class='ocrx_word' id='word_1_211' title='bbox 305 1259 370 1287; x_wconf 77' lang='lat' dir='ltr'><strong>sex,</strong></span> <span class='ocrx_word' id='word_1_212' title='bbox 387 1248 456 1286; x_wconf 48' lang='lat'><strong>35⁶²]</strong></span> <span class='ocrx_word' id='word_1_213' title='bbox 480 1248 527 1277; x_wconf 86' lang='lat' dir='ltr'><strong>At</strong></span> <span class='ocrx_word' id='word_1_214' title='bbox 543 1248 720 1286; x_wconf 82' lang='lat' dir='ltr'><strong>prudenter</strong></span> <span class='ocrx_word' id='word_1_215' title='bbox 736 1247 872 1277; x_wconf 78' lang='lat' dir='ltr'><strong>omnino</strong></span> <span class='ocrx_word' id='word_1_216' title='bbox 888 1248 959 1286; x_wconf 87' lang='lat' dir='ltr'><strong>plu-</strong></span> 
     </span>
     <span class='ocr_line' id='line_1_40' title="bbox 121 1291 960 1324; baseline -0.004 0"><span class='ocrx_word' id='word_1_217' title='bbox 121 1294 193 1324; x_wconf 83' lang='lat' dir='ltr'>rimi</span> <span class='ocrx_word' id='word_1_218' title='bbox 224 1292 377 1323; x_wconf 87' lang='lat' dir='ltr'><strong>Rhetores</strong></span> <span class='ocrx_word' id='word_1_219' title='bbox 406 1292 445 1321; x_wconf 90' lang='lat' dir='ltr'><strong>ad</strong></span> <span class='ocrx_word' id='word_1_220' title='bbox 471 1292 611 1320; x_wconf 78' lang='lat' dir='ltr'><strong>forenses</strong></span> <span class='ocrx_word' id='word_1_221' title='bbox 640 1301 675 1321; x_wconf 90' lang='lat' dir='ltr'><strong>ac</strong></span> <span class='ocrx_word' id='word_1_222' title='bbox 704 1300 792 1320; x_wconf 75' lang='lat' dir='ltr'><strong>veras</strong></span> <span class='ocrx_word' id='word_1_223' title='bbox 817 1291 960 1321; x_wconf 81' lang='lat' dir='ltr'><strong>actiones</strong></span> 
     </span>
     <span class='ocr_line' id='line_1_41' title="bbox 120 1334 888 1373; baseline -0.007 -6"><span class='ocrx_word' id='word_1_224' title='bbox 120 1337 288 1373; x_wconf 78' lang='lat' dir='ltr'><strong>transiere,</strong></span> <span class='ocrx_word' id='word_1_225' title='bbox 313 1336 447 1365; x_wconf 81' lang='lat' dir='ltr'><strong>dimissis</strong></span> <span class='ocrx_word' id='word_1_226' title='bbox 463 1334 543 1363; x_wconf 82' lang='lat' dir='ltr'><strong>fictis</strong></span> <span class='ocrx_word' id='word_1_227' title='bbox 560 1334 623 1363; x_wconf 89' lang='lat' dir='ltr'><strong>illis</strong></span> <span class='ocrx_word' id='word_1_228' title='bbox 637 1335 665 1364; x_wconf 67' lang='grc' dir='ltr'><strong>δε</strong></span> <span class='ocrx_word' id='word_1_229' title='bbox 683 1334 888 1363; x_wconf 79' lang='lat' dir='ltr'><strong>scholasticis.</strong></span> 
     </span>
    </p>

    <p class='ocr_par' dir='ltr' id='par_1_17' title="bbox 117 1376 962 1540">
     <span class='ocr_line' id='line_1_42' title="bbox 166 1376 962 1415; baseline 0.001 -8"><span class='ocrx_word' id='word_1_230' title='bbox 166 1381 236 1410; x_wconf 82' lang='lat'><strong>167.</strong></span> <span class='ocrx_word' id='word_1_231' title='bbox 288 1376 501 1414; x_wconf 80' lang='lat' dir='ltr'><strong>Conclamant]</strong></span> <span class='ocrx_word' id='word_1_232' title='bbox 546 1376 619 1415; x_wconf 89' lang='lat' dir='ltr'><strong>Vel,</strong></span> <span class='ocrx_word' id='word_1_233' title='bbox 654 1378 689 1407; x_wconf 88' lang='lat' dir='ltr'><strong>in</strong></span> <span class='ocrx_word' id='word_1_234' title='bbox 718 1378 787 1406; x_wconf 84' lang='lat' dir='ltr'><strong>foro</strong></span> <span class='ocrx_word' id='word_1_235' title='bbox 821 1377 962 1408; x_wconf 87' lang='lat' dir='ltr'><strong>clamoso</strong></span> 
     </span>
     <span class='ocr_line' id='line_1_43' title="bbox 119 1420 960 1464; baseline -0.004 -10"><span class='ocrx_word' id='word_1_236' title='bbox 119 1428 224 1464; x_wconf 79' lang='lat' dir='ltr'><strong>agunt</strong></span> <span class='ocrx_word' id='word_1_237' title='bbox 239 1431 347 1451; x_wconf 80' lang='lat' dir='ltr'><strong>causas</strong></span> <span class='ocrx_word' id='word_1_238' title='bbox 362 1433 372 1461; x_wconf 76' lang='lat'>3</span> <span class='ocrx_word' id='word_1_239' title='bbox 406 1421 468 1457; x_wconf 84' lang='lat' dir='ltr'><strong>vel,</strong></span> <span class='ocrx_word' id='word_1_240' title='bbox 486 1420 740 1450; x_wconf 82' lang='lat' dir='ltr'><strong>declamatorum</strong></span> <span class='ocrx_word' id='word_1_241' title='bbox 757 1424 856 1459; x_wconf 87' lang='lat' dir='ltr'><strong>atque</strong></span> <span class='ocrx_word' id='word_1_242' title='bbox 874 1421 960 1451; x_wconf 87' lang='lat' dir='ltr'><strong>Rhe-</strong></span> 
     </span>
     <span class='ocr_line' id='line_1_44' title="bbox 120 1463 961 1497; baseline -0.002 0"><span class='ocrx_word' id='word_1_243' title='bbox 120 1473 230 1497; x_wconf 89' lang='lat' dir='ltr'><strong>torum</strong></span> <span class='ocrx_word' id='word_1_244' title='bbox 257 1465 356 1495; x_wconf 82' lang='lat' dir='ltr'><strong>vitam</strong></span> <span class='ocrx_word' id='word_1_245' title='bbox 382 1464 619 1495; x_wconf 84' lang='lat' dir='ltr'><strong>intolerabilem</strong></span> <span class='ocrx_word' id='word_1_246' title='bbox 636 1463 851 1495; x_wconf 85' lang='lat' dir='ltr'><strong>vociferantur</strong></span> <span class='ocrx_word' id='word_1_247' title='bbox 875 1464 961 1495; x_wconf 87' lang='lat' dir='ltr'><strong>defe-</strong></span> 
     </span>
     <span class='ocr_line' id='line_1_45' title="bbox 117 1511 261 1540; baseline -0.021 0"><span class='ocrx_word' id='word_1_248' title='bbox 117 1511 261 1540; x_wconf 87' lang='lat' dir='ltr'><strong>rendam.</strong></span> 
     </span>
    </p>

    <p class='ocr_par' dir='ltr' id='par_1_18' title="bbox 119 1550 962 1757">
     <span class='ocr_line' id='line_1_46' title="bbox 163 1550 962 1592; baseline -0.001 -10"><span class='ocrx_word' id='word_1_249' title='bbox 163 1551 327 1592; x_wconf 78' lang='lat' dir='ltr'><strong>Sophistoe]</strong></span> <span class='ocrx_word' id='word_1_250' title='bbox 372 1552 420 1582; x_wconf 88' lang='lat' dir='ltr'><strong>Ita</strong></span> <span class='ocrx_word' id='word_1_251' title='bbox 455 1552 580 1592; x_wconf 86' lang='lat' dir='ltr'><strong>pridem</strong></span> <span class='ocrx_word' id='word_1_252' title='bbox 611 1550 766 1581; x_wconf 75' lang='lat' dir='ltr'><strong>Rhetores</strong></span> <span class='ocrx_word' id='word_1_253' title='bbox 796 1551 962 1591; x_wconf 85' lang='lat' dir='ltr'><strong>appellati,</strong></span> 
     </span>
     <span class='ocr_line' id='line_1_47' title="bbox 119 1594 962 1633; baseline -0.001 -6"><span class='ocrx_word' id='word_1_254' title='bbox 119 1602 201 1627; x_wconf 85' lang='lat' dir='ltr'><strong>teste</strong></span> <span class='ocrx_word' id='word_1_255' title='bbox 217 1596 414 1625; x_wconf 84' lang='lat' dir='ltr'><strong>Philostrato.</strong></span> <span class='ocrx_word' id='word_1_256' title='bbox 461 1596 545 1626; x_wconf 84' lang='lat' dir='ltr'><strong>Aliis</strong></span> <span class='ocrx_word' id='word_1_257' title='bbox 562 1594 684 1625; x_wconf 84' lang='lat' dir='ltr'><strong>Rhetor</strong></span> <span class='ocrx_word' id='word_1_258' title='bbox 711 1602 759 1625; x_wconf 87' lang='lat' dir='ltr'><strong>est</strong></span> <span class='ocrx_word' id='word_1_259' title='bbox 783 1595 841 1633; x_wconf 86' lang='lat' dir='ltr'><strong>qui</strong></span> <span class='ocrx_word' id='word_1_260' title='bbox 867 1595 962 1626; x_wconf 81' lang='lat' dir='ltr'><strong>tradit</strong></span> 
     </span>
     <span class='ocr_line' id='line_1_48' title="bbox 120 1638 960 1678; baseline -0.004 -8"><span class='ocrx_word' id='word_1_261' title='bbox 120 1639 315 1678; x_wconf 72' lang='lat' dir='ltr'><strong>eloquentiae</strong></span> <span class='ocrx_word' id='word_1_262' title='bbox 333 1645 505 1678; x_wconf 70' lang='lat' dir='ltr'><strong>praecepta,</strong></span> <span class='ocrx_word' id='word_1_263' title='bbox 530 1639 682 1677; x_wconf 85' lang='lat' dir='ltr'><strong>Sophista</strong></span> <span class='ocrx_word' id='word_1_264' title='bbox 698 1639 773 1667; x_wconf 78' lang='lat' dir='ltr'><strong>vero</strong></span> <span class='ocrx_word' id='word_1_265' title='bbox 792 1639 849 1677; x_wconf 89' lang='lat' dir='ltr'><strong>qui</strong></span> <span class='ocrx_word' id='word_1_266' title='bbox 862 1638 900 1667; x_wconf 89' lang='lat' dir='ltr'><strong>ad</strong></span> <span class='ocrx_word' id='word_1_267' title='bbox 911 1638 960 1668; x_wconf 88' lang='lat' dir='ltr'><strong>di-</strong></span> 
     </span>
     <span class='ocr_line' id='line_1_49' title="bbox 122 1681 956 1721; baseline -0.001 -8"><span class='ocrx_word' id='word_1_268' title='bbox 122 1683 263 1714; x_wconf 89' lang='lat' dir='ltr'><strong>cendum</strong></span> <span class='ocrx_word' id='word_1_269' title='bbox 279 1688 417 1712; x_wconf 86' lang='lat' dir='ltr'><strong>exercet.</strong></span> <span class='ocrx_word' id='word_1_270' title='bbox 461 1682 620 1712; x_wconf 85' lang='lat' dir='ltr'><strong>Victorin.</strong></span> <span class='ocrx_word' id='word_1_271' title='bbox 639 1681 762 1721; x_wconf 83' lang='lat' dir='ltr'><strong>Prolog.</strong></span> <span class='ocrx_word' id='word_1_272' title='bbox 781 1683 813 1711; x_wconf 92' lang='lat' dir='ltr'><strong>in</strong></span> <span class='ocrx_word' id='word_1_273' title='bbox 827 1681 956 1712; x_wconf 87' lang='lat' dir='ltr'><strong>Rhetor.</strong></span> 
     </span>
     <span class='ocr_line' id='line_1_50' title="bbox 125 1727 193 1757; baseline -0.044 0"><span class='ocrx_word' id='word_1_274' title='bbox 125 1727 193 1757; x_wconf 90' lang='lat' dir='ltr'><strong>Cic.</strong></span> 
     </span>
    </p>

    <p class='ocr_par' dir='ltr' id='par_1_19' title="bbox 121 1767 963 1895">
     <span class='ocr_line' id='line_1_51' title="bbox 166 1767 958 1809; baseline -0.004 -9"><span class='ocrx_word' id='word_1_275' title='bbox 166 1769 240 1800; x_wconf 76' lang='lat'><strong>168.</strong></span> <span class='ocrx_word' id='word_1_276' title='bbox 261 1769 355 1799; x_wconf 77' lang='lat' dir='ltr'><strong>Veras</strong></span> <span class='ocrx_word' id='word_1_277' title='bbox 370 1768 493 1809; x_wconf 78' lang='lat' dir='ltr'><strong>agitant</strong></span> <span class='ocrx_word' id='word_1_278' title='bbox 513 1767 596 1806; x_wconf 78' lang='lat' dir='ltr'><strong>lites]</strong></span> <span class='ocrx_word' id='word_1_279' title='bbox 613 1767 691 1797; x_wconf 93' lang='lat' dir='ltr'><strong>Non</strong></span> <span class='ocrx_word' id='word_1_280' title='bbox 703 1767 842 1806; x_wconf 78' lang='lat' dir='ltr'><strong>amplius</strong></span> <span class='ocrx_word' id='word_1_281' title='bbox 856 1767 958 1805; x_wconf 82' lang='lat' dir='ltr'><strong>fictas,</strong></span> 
     </span>
     <span class='ocr_line' id='line_1_52' title="bbox 121 1810 963 1851; baseline -0.004 -8"><span class='ocrx_word' id='word_1_282' title='bbox 121 1819 159 1843; x_wconf 87' lang='lat' dir='ltr'><strong>ut</strong></span> <span class='ocrx_word' id='word_1_283' title='bbox 187 1812 273 1851; x_wconf 79' lang='lat' dir='ltr'><strong>prius</strong></span> <span class='ocrx_word' id='word_1_284' title='bbox 297 1812 331 1841; x_wconf 90' lang='lat' dir='ltr'><strong>in</strong></span> <span class='ocrx_word' id='word_1_285' title='bbox 357 1812 485 1850; x_wconf 89' lang='lat' dir='ltr'><strong>scholis,</strong></span> <span class='ocrx_word' id='word_1_286' title='bbox 508 1812 562 1842; x_wconf 89' lang='lat' dir='ltr'><strong>sed</strong></span> <span class='ocrx_word' id='word_1_287' title='bbox 587 1819 674 1840; x_wconf 87' lang='lat' dir='ltr'><strong>veras</strong></span> <span class='ocrx_word' id='word_1_288' title='bbox 697 1811 731 1840; x_wconf 87' lang='lat' dir='ltr'><strong>in</strong></span> <span class='ocrx_word' id='word_1_289' title='bbox 757 1810 840 1849; x_wconf 87' lang='lat' dir='ltr'><strong>foro,</strong></span> <span class='ocrx_word' id='word_1_290' title='bbox 865 1812 963 1850; x_wconf 78' lang='lat' dir='ltr'><strong>paulo</strong></span> 
     </span>
     <span class='ocr_line' id='line_1_53' title="bbox 123 1855 413 1895; baseline -0.007 -9"><span class='ocrx_word' id='word_1_291' title='bbox 123 1856 240 1895; x_wconf 86' lang='lat' dir='ltr'><strong>majori</strong></span> <span class='ocrx_word' id='word_1_292' title='bbox 256 1855 413 1885; x_wconf 84' lang='lat' dir='ltr'><strong>mercede.</strong></span> 
     </span>
    </p>

    <p class='ocr_par' dir='ltr' id='par_1_20' title="bbox 121 1897 964 2016">
     <span class='ocr_line' id='line_1_54' title="bbox 165 1897 964 1937; baseline -0.003 -8"><span class='ocrx_word' id='word_1_293' title='bbox 165 1899 302 1937; x_wconf 76' lang='lat' dir='ltr'><strong>Raptore</strong></span> <span class='ocrx_word' id='word_1_294' title='bbox 314 1897 434 1936; x_wconf 77' lang='lat' dir='ltr'><strong>relicto,</strong></span> <span class='ocrx_word' id='word_1_295' title='bbox 452 1899 493 1936; x_wconf 59' lang='lat' dir='ltr'><strong>&amp;c</strong></span> <span class='ocrx_word' id='word_1_296' title='bbox 506 1898 519 1937; x_wconf 89' lang='lat'>]</span> <span class='ocrx_word' id='word_1_297' title='bbox 557 1898 684 1928; x_wconf 80' lang='lat' dir='ltr'><strong>Relictis</strong></span> <span class='ocrx_word' id='word_1_298' title='bbox 699 1897 779 1926; x_wconf 83' lang='lat' dir='ltr'><strong>fictis</strong></span> <span class='ocrx_word' id='word_1_299' title='bbox 795 1906 964 1937; x_wconf 87' lang='lat' dir='ltr'><strong>argumen-</strong></span> 
     </span>
     <span class='ocr_line' id='line_1_55' title="bbox 121 1940 964 1982; baseline -0.002 -10"><span class='ocrx_word' id='word_1_300' title='bbox 121 1943 163 1972; x_wconf 86' lang='lat' dir='ltr'><strong>tis</strong></span> <span class='ocrx_word' id='word_1_301' title='bbox 178 1942 286 1982; x_wconf 81' lang='lat' dir='ltr'><strong>qualia</strong></span> <span class='ocrx_word' id='word_1_302' title='bbox 300 1943 405 1981; x_wconf 87' lang='lat' dir='ltr'><strong>legere</strong></span> <span class='ocrx_word' id='word_1_303' title='bbox 423 1947 471 1970; x_wconf 87' lang='lat' dir='ltr'><strong>est</strong></span> <span class='ocrx_word' id='word_1_304' title='bbox 489 1942 576 1981; x_wconf 87' lang='lat' dir='ltr'><strong>apud</strong></span> <span class='ocrx_word' id='word_1_305' title='bbox 590 1940 730 1974; x_wconf 83' lang='lat' dir='ltr'><strong>Quintil.</strong></span> <span class='ocrx_word' id='word_1_306' title='bbox 748 1942 774 1969; x_wconf 61' lang='grc' dir='ltr'><strong>ἃ</strong></span> <span class='ocrx_word' id='word_1_307' title='bbox 792 1940 964 1978; x_wconf 84' lang='lat' dir='ltr'><strong>Senecam,</strong></span> 
     </span>
     <span class='ocr_line' id='line_1_56' title="bbox 122 1985 387 2016; baseline -0.015 -1"><span class='ocrx_word' id='word_1_308' title='bbox 122 1985 160 2016; x_wconf 84' lang='lat' dir='ltr'><strong>in</strong></span> <span class='ocrx_word' id='word_1_309' title='bbox 183 1986 387 2016; x_wconf 85' lang='lat' dir='ltr'><strong>Controvers.</strong></span> 
     </span>
    </p>

    <p class='ocr_par' dir='ltr' id='par_1_21' title="bbox 123 2026 967 2187">
     <span class='ocr_line' id='line_1_57' title="bbox 166 2026 966 2067; baseline -0.001 -9"><span class='ocrx_word' id='word_1_310' title='bbox 166 2028 307 2067; x_wconf 80' lang='lat' dir='ltr'><strong>Raptore</strong></span> <span class='ocrx_word' id='word_1_311' title='bbox 321 2027 443 2066; x_wconf 75' lang='lat' dir='ltr'><strong>relicto]</strong></span> <span class='ocrx_word' id='word_1_312' title='bbox 479 2027 696 2060; x_wconf 87' lang='lat' dir='ltr'><strong>Declamandi</strong></span> <span class='ocrx_word' id='word_1_313' title='bbox 721 2026 854 2057; x_wconf 72' lang='lat' dir='ltr'><strong>materia</strong></span> <span class='ocrx_word' id='word_1_314' title='bbox 869 2026 908 2056; x_wconf 91' lang='lat' dir='ltr'><strong>de</strong></span> <span class='ocrx_word' id='word_1_315' title='bbox 926 2037 966 2057; x_wconf 92' lang='lat' dir='ltr'><strong>eo</strong></span> 
     </span>
     <span class='ocr_line' id='line_1_58' title="bbox 123 2069 967 2111; baseline -0.001 -10"><span class='ocrx_word' id='word_1_316' title='bbox 123 2072 183 2110; x_wconf 90' lang='lat' dir='ltr'><strong>qui</strong></span> <span class='ocrx_word' id='word_1_317' title='bbox 217 2071 386 2101; x_wconf 86' lang='lat' dir='ltr'><strong>foerninam</strong></span> <span class='ocrx_word' id='word_1_318' title='bbox 413 2072 564 2111; x_wconf 85' lang='lat' dir='ltr'><strong>rapuerit.</strong></span> <span class='ocrx_word' id='word_1_319' title='bbox 600 2082 629 2101; x_wconf 85' lang='lat' dir='ltr'><strong>v.</strong></span> <span class='ocrx_word' id='word_1_320' title='bbox 643 2082 673 2111; x_wconf 86' lang='lat' dir='ltr'><strong>g.</strong></span> <span class='ocrx_word' id='word_1_321' title='bbox 706 2071 746 2101; x_wconf 91' lang='lat' dir='ltr'><strong>de</strong></span> <span class='ocrx_word' id='word_1_322' title='bbox 772 2069 884 2099; x_wconf 84' lang='lat' dir='ltr'><strong>Paride</strong></span> <span class='ocrx_word' id='word_1_323' title='bbox 909 2072 967 2109; x_wconf 89' lang='lat' dir='ltr'><strong>qui</strong></span> 
     </span>
     <span class='ocr_line' id='line_1_59' title="bbox 125 2113 967 2153; baseline 0.001 -10"><span class='ocrx_word' id='word_1_324' title='bbox 125 2114 310 2151; x_wconf 86' lang='lat' dir='ltr'><strong>Helenam,</strong></span> <span class='ocrx_word' id='word_1_325' title='bbox 320 2114 360 2144; x_wconf 86' lang='lat' dir='ltr'><strong>de</strong></span> <span class='ocrx_word' id='word_1_326' title='bbox 373 2114 496 2144; x_wconf 80' lang='lat' dir='ltr'><strong>Jasone</strong></span> <span class='ocrx_word' id='word_1_327' title='bbox 508 2116 564 2153; x_wconf 90' lang='lat' dir='ltr'><strong>qui</strong></span> <span class='ocrx_word' id='word_1_328' title='bbox 580 2114 729 2144; x_wconf 88' lang='lat' dir='ltr'><strong>Medeam</strong></span> <span class='ocrx_word' id='word_1_329' title='bbox 742 2113 894 2152; x_wconf 81' lang='lat' dir='ltr'><strong>abduxit,</strong></span> <span class='ocrx_word' id='word_1_330' title='bbox 908 2115 967 2144; x_wconf 72' lang='grc' dir='ltr'><strong>ὗες,</strong></span> 
     </span>
     <span class='ocr_line' id='line_1_60' title="bbox 124 2156 516 2187; baseline 0.003 -1"><span class='ocrx_word' id='word_1_331' title='bbox 124 2156 213 2186; x_wconf 85' lang='lat' dir='ltr'><strong>Vide</strong></span> <span class='ocrx_word' id='word_1_332' title='bbox 228 2157 342 2186; x_wconf 88' lang='lat' dir='ltr'><strong>Senec.</strong></span> <span class='ocrx_word' id='word_1_333' title='bbox 361 2156 516 2187; x_wconf 86' lang='lat' dir='ltr'><strong>Controv.</strong></span> 
     </span>
    </p>

    <p class='ocr_par' dir='ltr' id='par_1_22' title="bbox 123 2199 965 2326">
     <span class='ocr_line' id='line_1_61' title="bbox 169 2199 965 2238; baseline -0.001 -7"><span class='ocrx_word' id='word_1_334' title='bbox 169 2201 242 2231; x_wconf 85' lang='lat'><strong>169.</strong></span> <span class='ocrx_word' id='word_1_335' title='bbox 267 2199 353 2230; x_wconf 74' lang='lat' dir='ltr'><strong>Fusa</strong></span> <span class='ocrx_word' id='word_1_336' title='bbox 369 2210 484 2229; x_wconf 68' lang='lat' dir='ltr'><strong>venena</strong></span> <span class='ocrx_word' id='word_1_337' title='bbox 500 2199 605 2238; x_wconf 74' lang='lat' dir='ltr'><strong>silent]</strong></span> <span class='ocrx_word' id='word_1_338' title='bbox 636 2199 713 2230; x_wconf 87' lang='lat' dir='ltr'><strong>Non</strong></span> <span class='ocrx_word' id='word_1_339' title='bbox 725 2201 793 2238; x_wconf 88' lang='lat' dir='ltr'><strong>jam</strong></span> <span class='ocrx_word' id='word_1_340' title='bbox 811 2206 965 2230; x_wconf 82' lang='lat' dir='ltr'><strong>tractatur</strong></span> 
     </span>
     <span class='ocr_line' id='line_1_62' title="bbox 123 2243 965 2281; baseline 0.001 -8"><span class='ocrx_word' id='word_1_341' title='bbox 123 2243 241 2275; x_wconf 86' lang='lat' dir='ltr'><strong>fictum</strong></span> <span class='ocrx_word' id='word_1_342' title='bbox 267 2243 377 2273; x_wconf 82' lang='lat' dir='ltr'><strong>thema</strong></span> <span class='ocrx_word' id='word_1_343' title='bbox 394 2244 434 2272; x_wconf 87' lang='lat' dir='ltr'><strong>de</strong></span> <span class='ocrx_word' id='word_1_344' title='bbox 450 2252 577 2273; x_wconf 83' lang='lat' dir='ltr'><strong>veneno</strong></span> <span class='ocrx_word' id='word_1_345' title='bbox 603 2243 676 2272; x_wconf 86' lang='lat' dir='ltr'><strong>dato</strong></span> <span class='ocrx_word' id='word_1_346' title='bbox 692 2244 741 2272; x_wconf 79' lang='lat' dir='ltr'><strong>vel</strong></span> <span class='ocrx_word' id='word_1_347' title='bbox 771 2243 891 2281; x_wconf 85' lang='lat' dir='ltr'><strong>pellici,</strong></span> <span class='ocrx_word' id='word_1_348' title='bbox 914 2244 965 2274; x_wconf 87' lang='lat' dir='ltr'><strong>vel</strong></span> 
     </span>
     <span class='ocr_line' id='line_1_63' title="bbox 126 2287 861 2326; baseline -0.003 -9"><span class='ocrx_word' id='word_1_349' title='bbox 126 2287 273 2326; x_wconf 87' lang='lat' dir='ltr'><strong>conjugi,</strong></span> <span class='ocrx_word' id='word_1_350' title='bbox 291 2287 350 2316; x_wconf 67' lang='grc' dir='ltr'><strong>ὅῑε,</strong></span> <span class='ocrx_word' id='word_1_351' title='bbox 377 2296 438 2316; x_wconf 88' lang='lat' dir='ltr'><strong>nec</strong></span> <span class='ocrx_word' id='word_1_352' title='bbox 455 2287 495 2316; x_wconf 90' lang='lat' dir='ltr'><strong>de</strong></span> <span class='ocrx_word' id='word_1_353' title='bbox 511 2287 625 2315; x_wconf 57' lang='lat' dir='ltr'><strong>nutrito</strong></span> <span class='ocrx_word' id='word_1_354' title='bbox 642 2290 779 2326; x_wconf 87' lang='lat' dir='ltr'><strong>ingrato,</strong></span> <span class='ocrx_word' id='word_1_355' title='bbox 801 2287 861 2315; x_wconf 71' lang='grc' dir='ltr'><strong>ἃς.</strong></span> 
     </span>
    </p>

    <p class='ocr_par' dir='ltr' id='par_1_23' title="bbox 121 2329 967 2629">
     <span class='ocr_line' id='line_1_64' title="bbox 168 2329 967 2370; baseline 0.001 -11"><span class='ocrx_word' id='word_1_356' title='bbox 168 2329 278 2360; x_wconf 79' lang='lat' dir='ltr'><strong>Malus</strong></span> <span class='ocrx_word' id='word_1_357' title='bbox 292 2329 495 2370; x_wconf 76' lang='lat' dir='ltr'><strong>ingratasque</strong></span> <span class='ocrx_word' id='word_1_358' title='bbox 510 2329 650 2368; x_wconf 77' lang='lat' dir='ltr'><strong>moritus]</strong></span> <span class='ocrx_word' id='word_1_359' title='bbox 688 2329 753 2359; x_wconf 87' lang='lat' dir='ltr'><strong>Vel</strong></span> <span class='ocrx_word' id='word_1_360' title='bbox 777 2330 879 2360; x_wconf 85' lang='lat' dir='ltr'><strong>Jason</strong></span> <span class='ocrx_word' id='word_1_361' title='bbox 908 2331 967 2368; x_wconf 91' lang='lat' dir='ltr'><strong>qui</strong></span> 
     </span>
     <span class='ocr_line' id='line_1_65' title="bbox 123 2372 965 2411; baseline -0.002 -8"><span class='ocrx_word' id='word_1_362' title='bbox 123 2372 265 2403; x_wconf 86' lang='lat' dir='ltr'><strong>deseruit</strong></span> <span class='ocrx_word' id='word_1_363' title='bbox 278 2373 444 2411; x_wconf 85' lang='lat' dir='ltr'><strong>Medeam,</strong></span> <span class='ocrx_word' id='word_1_364' title='bbox 458 2374 553 2410; x_wconf 90' lang='lat' dir='ltr'><strong>cujus</strong></span> <span class='ocrx_word' id='word_1_365' title='bbox 570 2382 632 2411; x_wconf 92' lang='lat' dir='ltr'><strong>ope</strong></span> <span class='ocrx_word' id='word_1_366' title='bbox 646 2372 748 2402; x_wconf 87' lang='lat' dir='ltr'><strong>vellus</strong></span> <span class='ocrx_word' id='word_1_367' title='bbox 761 2381 898 2402; x_wconf 78' lang='lat' dir='ltr'><strong>aureum</strong></span> <span class='ocrx_word' id='word_1_368' title='bbox 911 2373 965 2402; x_wconf 81' lang='lat' dir='ltr'><strong>ab·</strong></span> 
     </span>
     <span class='ocr_line' id='line_1_66' title="bbox 124 2415 964 2456; baseline -0.001 -9"><span class='ocrx_word' id='word_1_369' title='bbox 124 2417 271 2456; x_wconf 87' lang='lat' dir='ltr'><strong>stulerat,</strong></span> <span class='ocrx_word' id='word_1_370' title='bbox 295 2420 396 2455; x_wconf 81' lang='lat' dir='ltr'><strong>atque</strong></span> <span class='ocrx_word' id='word_1_371' title='bbox 411 2417 505 2446; x_wconf 84' lang='lat' dir='ltr'><strong>aliam</strong></span> <span class='ocrx_word' id='word_1_372' title='bbox 524 2425 661 2447; x_wconf 81' lang='lat' dir='ltr'><strong>uxorem</strong></span> <span class='ocrx_word' id='word_1_373' title='bbox 675 2415 791 2445; x_wconf 77' lang='lat' dir='ltr'><strong>duxit:</strong></span> <span class='ocrx_word' id='word_1_374' title='bbox 818 2416 870 2445; x_wconf 83' lang='lat' dir='ltr'><strong>vel</strong></span> <span class='ocrx_word' id='word_1_375' title='bbox 889 2417 964 2454; x_wconf 90' lang='lat' dir='ltr'><strong>qui-</strong></span> 
     </span>
     <span class='ocr_line' id='line_1_67' title="bbox 125 2459 966 2499; baseline -0.001 -9"><span class='ocrx_word' id='word_1_376' title='bbox 125 2459 206 2490; x_wconf 82' lang='lat' dir='ltr'><strong>libet</strong></span> <span class='ocrx_word' id='word_1_377' title='bbox 223 2460 336 2490; x_wconf 88' lang='lat' dir='ltr'><strong>similis</strong></span> <span class='ocrx_word' id='word_1_378' title='bbox 352 2460 440 2490; x_wconf 84' lang='lat' dir='ltr'><strong>illius</strong></span> <span class='ocrx_word' id='word_1_379' title='bbox 466 2460 579 2499; x_wconf 88' lang='lat' dir='ltr'><strong>perfidi</strong></span> <span class='ocrx_word' id='word_1_380' title='bbox 596 2461 631 2489; x_wconf 91' lang='lat' dir='ltr'><strong>in</strong></span> <span class='ocrx_word' id='word_1_381' title='bbox 645 2459 864 2488; x_wconf 82' lang='lat' dir='ltr'><strong>fidelissimam</strong></span> <span class='ocrx_word' id='word_1_382' title='bbox 889 2468 966 2489; x_wconf 88' lang='lat' dir='ltr'><strong>con-</strong></span> 
     </span>
     <span class='ocr_line' id='line_1_68' title="bbox 121 2501 966 2543; baseline 0.002 -12"><span class='ocrx_word' id='word_1_383' title='bbox 121 2502 236 2542; x_wconf 85' lang='lat' dir='ltr'><strong>jugem</strong></span> <span class='ocrx_word' id='word_1_384' title='bbox 257 2504 328 2543; x_wconf 80' lang='lat' dir='ltr'><strong>viri,</strong></span> <span class='ocrx_word' id='word_1_385' title='bbox 350 2503 390 2532; x_wconf 91' lang='lat' dir='ltr'><strong>de</strong></span> <span class='ocrx_word' id='word_1_386' title='bbox 407 2513 473 2542; x_wconf 89' lang='lat' dir='ltr'><strong>quo</strong></span> <span class='ocrx_word' id='word_1_387' title='bbox 491 2503 607 2533; x_wconf 88' lang='lat' dir='ltr'><strong>Senec.</strong></span> <span class='ocrx_word' id='word_1_388' title='bbox 633 2502 687 2532; x_wconf 91' lang='lat' dir='ltr'><strong>lib.</strong></span> <span class='ocrx_word' id='word_1_389' title='bbox 703 2502 734 2532; x_wconf 75' lang='lat'><strong>2.</strong></span> <span class='ocrx_word' id='word_1_390' title='bbox 762 2501 917 2532; x_wconf 87' lang='lat' dir='ltr'><strong>Controv.</strong></span> <span class='ocrx_word' id='word_1_391' title='bbox 934 2504 966 2533; x_wconf 88' lang='grc'><strong>5.</strong></span> 
     </span>
     <span class='ocr_line' id='line_1_69' title="bbox 126 2545 965 2586; baseline 0.001 -11"><span class='ocrx_word' id='word_1_392' title='bbox 126 2545 196 2576; x_wconf 88' lang='lat' dir='ltr'><strong>Erit</strong></span> <span class='ocrx_word' id='word_1_393' title='bbox 209 2547 306 2586; x_wconf 82' lang='lat' dir='ltr'><strong>igitur</strong></span> <span class='ocrx_word' id='word_1_394' title='bbox 320 2547 370 2576; x_wconf 82' lang='lat' dir='ltr'><strong>vel</strong></span> <span class='ocrx_word' id='word_1_395' title='bbox 386 2546 546 2576; x_wconf 87' lang='lat' dir='ltr'><strong>accusatio</strong></span> <span class='ocrx_word' id='word_1_396' title='bbox 560 2545 675 2586; x_wconf 78' lang='lat' dir='ltr'><strong>ingrati</strong></span> <span class='ocrx_word' id='word_1_397' title='bbox 687 2545 805 2583; x_wconf 83' lang='lat' dir='ltr'><strong>mariti,</strong></span> <span class='ocrx_word' id='word_1_398' title='bbox 828 2554 887 2584; x_wconf 90' lang='lat' dir='ltr'><strong>pro</strong></span> <span class='ocrx_word' id='word_1_399' title='bbox 904 2554 965 2576; x_wconf 83' lang='lat' dir='ltr'><strong>ux-</strong></span> 
     </span>
     <span class='ocr_line' id='line_1_70' title="bbox 129 2589 835 2629; baseline -0.008 -7"><span class='ocrx_word' id='word_1_400' title='bbox 129 2596 195 2626; x_wconf 74' lang='lat' dir='ltr'><strong>ore,</strong></span> <span class='ocrx_word' id='word_1_401' title='bbox 218 2592 268 2621; x_wconf 84' lang='lat' dir='ltr'><strong>vel</strong></span> <span class='ocrx_word' id='word_1_402' title='bbox 281 2592 350 2629; x_wconf 89' lang='lat' dir='ltr'><strong>ejus</strong></span> <span class='ocrx_word' id='word_1_403' title='bbox 365 2589 510 2620; x_wconf 85' lang='lat' dir='ltr'><strong>defensio</strong></span> <span class='ocrx_word' id='word_1_404' title='bbox 525 2589 671 2619; x_wconf 80' lang='lat' dir='ltr'><strong>adversus</strong></span> <span class='ocrx_word' id='word_1_405' title='bbox 685 2597 835 2618; x_wconf 77' lang='lat' dir='ltr'><strong>uxorem.</strong></span> 
     </span>
    </p>

    <p class='ocr_par' dir='ltr' id='par_1_24' title="bbox 126 2628 970 2846">
     <span class='ocr_line' id='line_1_71' title="bbox 174 2628 967 2672; baseline 0.003 -11"><span class='ocrx_word' id='word_1_406' title='bbox 174 2633 246 2663; x_wconf 88' lang='lat'><strong>170.</strong></span> <span class='ocrx_word' id='word_1_407' title='bbox 269 2633 316 2663; x_wconf 76' lang='lat' dir='ltr'><strong>Et</strong></span> <span class='ocrx_word' id='word_1_408' title='bbox 339 2643 404 2672; x_wconf 79' lang='lat' dir='ltr'><strong>quoe</strong></span> <span class='ocrx_word' id='word_1_409' title='bbox 422 2634 494 2672; x_wconf 76' lang='lat' dir='ltr'><strong>jam</strong></span> <span class='ocrx_word' id='word_1_410' title='bbox 519 2637 645 2670; x_wconf 72' lang='lat' dir='ltr'><strong>veteres,</strong></span> <span class='ocrx_word' id='word_1_411' title='bbox 669 2628 736 2671; x_wconf 57' lang='grc' dir='ltr'><strong>ξε]</strong></span> <span class='ocrx_word' id='word_1_412' title='bbox 762 2631 967 2663; x_wconf 85' lang='lat' dir='ltr'><strong>Declamatio</strong></span> 
     </span>
     <span class='ocr_line' id='line_1_72' title="bbox 130 2674 968 2715; baseline 0.002 -12"><span class='ocrx_word' id='word_1_413' title='bbox 130 2674 171 2703; x_wconf 85' lang='lat' dir='ltr'><strong>de</strong></span> <span class='ocrx_word' id='word_1_414' title='bbox 199 2674 264 2706; x_wconf 87' lang='lat' dir='ltr'><strong>filio</strong></span> <span class='ocrx_word' id='word_1_415' title='bbox 293 2682 479 2707; x_wconf 87' lang='lat' dir='ltr'><strong>conterente</strong></span> <span class='ocrx_word' id='word_1_416' title='bbox 504 2677 677 2715; x_wconf 83' lang='lat' dir='ltr'><strong>pharmaca</strong></span> <span class='ocrx_word' id='word_1_417' title='bbox 704 2675 740 2703; x_wconf 86' lang='lat' dir='ltr'><strong>in</strong></span> <span class='ocrx_word' id='word_1_418' title='bbox 761 2675 912 2705; x_wconf 88' lang='lat' dir='ltr'><strong>mortario</strong></span> <span class='ocrx_word' id='word_1_419' title='bbox 927 2675 968 2705; x_wconf 90' lang='lat' dir='ltr'><strong>ad</strong></span> 
     </span>
     <span class='ocr_line' id='line_1_73' title="bbox 126 2719 969 2760; baseline 0.004 -14"><span class='ocrx_word' id='word_1_420' title='bbox 126 2719 284 2749; x_wconf 83' lang='lat' dir='ltr'><strong>sanandos</strong></span> <span class='ocrx_word' id='word_1_421' title='bbox 302 2721 383 2750; x_wconf 86' lang='lat' dir='ltr'><strong>coeci</strong></span> <span class='ocrx_word' id='word_1_422' title='bbox 398 2721 495 2760; x_wconf 83' lang='lat' dir='ltr'><strong>patris</strong></span> <span class='ocrx_word' id='word_1_423' title='bbox 524 2720 647 2756; x_wconf 88' lang='lat' dir='ltr'><strong>oculos,</strong></span> <span class='ocrx_word' id='word_1_424' title='bbox 671 2726 743 2758; x_wconf 80' lang='lat' dir='ltr'><strong>quae</strong></span> <span class='ocrx_word' id='word_1_425' title='bbox 761 2727 886 2748; x_wconf 84' lang='lat' dir='ltr'><strong>venena</strong></span> <span class='ocrx_word' id='word_1_426' title='bbox 901 2728 969 2749; x_wconf 86' lang='lat' dir='ltr'><strong>esse</strong></span> 
     </span>
     <span class='ocr_line' id='line_1_74' title="bbox 126 2760 970 2801; baseline 0.004 -12"><span class='ocrx_word' id='word_1_427' title='bbox 126 2760 327 2792; x_wconf 86' lang='lat' dir='ltr'><strong>affirmantur</strong></span> <span class='ocrx_word' id='word_1_428' title='bbox 352 2763 371 2792; x_wconf 72' lang='lat' dir='ltr'><strong>a</strong></span> <span class='ocrx_word' id='word_1_429' title='bbox 396 2772 552 2794; x_wconf 85' lang='lat' dir='ltr'><strong>noverca:</strong></span> <span class='ocrx_word' id='word_1_430' title='bbox 589 2761 674 2792; x_wconf 88' lang='lat' dir='ltr'><strong>unde</strong></span> <span class='ocrx_word' id='word_1_431' title='bbox 703 2761 852 2791; x_wconf 88' lang='lat' dir='ltr'><strong>credulus</strong></span> <span class='ocrx_word' id='word_1_432' title='bbox 877 2766 970 2801; x_wconf 86' lang='lat' dir='ltr'><strong>pater</strong></span> 
     </span>
     <span class='ocr_line' id='line_1_75' title="bbox 128 2803 635 2846; baseline 0.008 -14"><span class='ocrx_word' id='word_1_433' title='bbox 128 2803 233 2835; x_wconf 83' lang='lat' dir='ltr'><strong>filium</strong></span> <span class='ocrx_word' id='word_1_434' title='bbox 252 2805 436 2836; x_wconf 74' lang='lat' dir='ltr'><strong>haereditate</strong></span> <span class='ocrx_word' id='word_1_435' title='bbox 451 2806 557 2846; x_wconf 86' lang='lat' dir='ltr'><strong>pellit,</strong></span> <span class='ocrx_word' id='word_1_436' title='bbox 574 2807 635 2836; x_wconf 56' lang='lat' dir='ltr'><strong>&amp;a</strong></span> 
     </span>
    </p>

    <p class='ocr_par' dir='ltr' id='par_1_25' title="bbox 129 2848 972 3007">
     <span class='ocr_line' id='line_1_76' title="bbox 175 2848 971 2889; baseline 0.004 -13"><span class='ocrx_word' id='word_1_437' title='bbox 175 2848 246 2879; x_wconf 83' lang='lat'><strong>171.</strong></span> <span class='ocrx_word' id='word_1_438' title='bbox 283 2848 348 2878; x_wconf 78' lang='lat' dir='ltr'><strong>Sibi</strong></span> <span class='ocrx_word' id='word_1_439' title='bbox 362 2849 447 2879; x_wconf 82' lang='lat' dir='ltr'><strong>dabit</strong></span> <span class='ocrx_word' id='word_1_440' title='bbox 461 2850 526 2889; x_wconf 74' lang='lat' dir='ltr'><strong>ipse</strong></span> <span class='ocrx_word' id='word_1_441' title='bbox 542 2848 660 2887; x_wconf 78' lang='lat' dir='ltr'><strong>rudem]</strong></span> <span class='ocrx_word' id='word_1_442' title='bbox 699 2848 731 2879; x_wconf 88' lang='lat' dir='ltr'><strong>Si</strong></span> <span class='ocrx_word' id='word_1_443' title='bbox 757 2848 841 2877; x_wconf 83' lang='lat' dir='ltr'><strong>mihi</strong></span> <span class='ocrx_word' id='word_1_444' title='bbox 868 2848 971 2880; x_wconf 83' lang='lat' dir='ltr'><strong>credit</strong></span> 
     </span>
     <span class='ocr_line' id='line_1_77' title="bbox 129 2891 972 2928; baseline 0.001 -8"><span class='ocrx_word' id='word_1_445' title='bbox 129 2891 279 2928; x_wconf 77' lang='lat' dir='ltr'><strong>sophista</strong></span> <span class='ocrx_word' id='word_1_446' title='bbox 296 2892 401 2922; x_wconf 85' lang='lat' dir='ltr'><strong>sterile</strong></span> <span class='ocrx_word' id='word_1_447' title='bbox 415 2892 551 2923; x_wconf 89' lang='lat' dir='ltr'><strong>docendi</strong></span> <span class='ocrx_word' id='word_1_448' title='bbox 578 2901 699 2922; x_wconf 88' lang='lat' dir='ltr'><strong>munus</strong></span> <span class='ocrx_word' id='word_1_449' title='bbox 715 2891 856 2928; x_wconf 85' lang='lat' dir='ltr'><strong>abjiciet,</strong></span> <span class='ocrx_word' id='word_1_450' title='bbox 885 2892 914 2921; x_wconf 84' lang='lat'>&amp;</span> <span class='ocrx_word' id='word_1_451' title='bbox 939 2901 972 2921; x_wconf 90' lang='lat' dir='ltr'><strong>se</strong></span> 
     </span>
     <span class='ocr_line' id='line_1_78' title="bbox 129 2933 972 2974; baseline 0.002 -11"><span class='ocrx_word' id='word_1_452' title='bbox 129 2933 276 2964; x_wconf 84' lang='lat' dir='ltr'><strong>conferet</strong></span> <span class='ocrx_word' id='word_1_453' title='bbox 299 2935 339 2964; x_wconf 86' lang='lat' dir='ltr'><strong>ad</strong></span> <span class='ocrx_word' id='word_1_454' title='bbox 367 2935 488 2974; x_wconf 89' lang='lat' dir='ltr'><strong>forum,</strong></span> <span class='ocrx_word' id='word_1_455' title='bbox 512 2937 568 2966; x_wconf 90' lang='lat' dir='ltr'><strong>ubi</strong></span> <span class='ocrx_word' id='word_1_456' title='bbox 585 2937 699 2967; x_wconf 85' lang='lat' dir='ltr'><strong>saltem</strong></span> <span class='ocrx_word' id='word_1_457' title='bbox 723 2934 854 2974; x_wconf 83' lang='lat' dir='ltr'><strong>aliquod</strong></span> <span class='ocrx_word' id='word_1_458' title='bbox 871 2934 972 2965; x_wconf 88' lang='lat' dir='ltr'><strong>lucel-</strong></span> 
     </span>
     <span class='ocr_line' id='line_1_79' title="bbox 130 2976 278 3007; baseline 0.014 -2"><span class='ocrx_word' id='word_1_459' title='bbox 130 2976 202 3006; x_wconf 86' lang='lat' dir='ltr'><strong>lum</strong></span> <span class='ocrx_word' id='word_1_460' title='bbox 221 2982 278 3007; x_wconf 84' lang='lat' dir='ltr'><strong>cst.</strong></span> 
     </span>
    </p>

    <p class='ocr_par' dir='ltr' id='par_1_26' title="bbox 171 3018 969 3062">
     <span class='ocr_line' id='line_1_80' title="bbox 171 3018 969 3062; baseline 0 -12"><span class='ocrx_word' id='word_1_461' title='bbox 171 3018 310 3060; x_wconf 81' lang='lat' dir='ltr'><strong>Rudem]</strong></span> <span class='ocrx_word' id='word_1_462' title='bbox 347 3020 557 3062; x_wconf 81' lang='lat' dir='ltr'><strong>Libertatem,</strong></span> <span class='ocrx_word' id='word_1_463' title='bbox 580 3024 620 3054; x_wconf 89' lang='lat' dir='ltr'><strong>ad</strong></span> <span class='ocrx_word' id='word_1_464' title='bbox 645 3023 846 3054; x_wconf 80' lang='lat' dir='ltr'><strong>vacationem</strong></span> <span class='ocrx_word' id='word_1_465' title='bbox 873 3021 892 3050; x_wconf 73' lang='lat' dir='ltr'><strong>a</strong></span> <span class='ocrx_word' id='word_1_466' title='bbox 913 3022 969 3051; x_wconf 93' lang='lat' dir='ltr'><strong>do-</strong></span> 
     </span>
    </p>
   </div>
   <div class='ocr_carea' id='block_1_12' title="bbox 129 3063 970 3141">
    <p class='ocr_par' dir='ltr' id='par_1_27' title="bbox 129 3063 970 3141">
     <span class='ocr_line' id='line_1_81' title="bbox 129 3063 970 3109; baseline 0.006 -17"><span class='ocrx_word' id='word_1_467' title='bbox 129 3063 244 3102; x_wconf 78' lang='lat' dir='ltr'><strong>cendo.</strong></span> <span class='ocrx_word' id='word_1_468' title='bbox 289 3064 474 3103; x_wconf 87' lang='lat' dir='ltr'><strong>Metaphor.</strong></span> <span class='ocrx_word' id='word_1_469' title='bbox 491 3066 509 3096; x_wconf 74' lang='lat' dir='ltr'><strong>a</strong></span> <span class='ocrx_word' id='word_1_470' title='bbox 521 3067 756 3109; x_wconf 75' lang='lat' dir='ltr'><strong>gladiatoribus.</strong></span> <span class='ocrx_word' id='word_1_471' title='bbox 799 3063 883 3097; x_wconf 80' lang='lat' dir='ltr'><strong>Vide</strong></span> <span class='ocrx_word' id='word_1_472' title='bbox 896 3075 970 3107; x_wconf 77' lang='lat' dir='ltr'><strong>quae</strong></span> 
     </span>
     <span class='ocr_line' id='line_1_82' title="bbox 131 3105 485 3141; baseline 0.014 -5"><span class='ocrx_word' id='word_1_473' title='bbox 131 3105 170 3137; x_wconf 79' lang='lat' dir='ltr'><strong>ad</strong></span> <span class='ocrx_word' id='word_1_474' title='bbox 187 3106 253 3140; x_wconf 83' lang='lat' dir='ltr'><strong>Sat.</strong></span> <span class='ocrx_word' id='word_1_475' title='bbox 274 3107 305 3140; x_wconf 84' lang='lat'><strong>6.</strong></span> <span class='ocrx_word' id='word_1_476' title='bbox 329 3116 393 3139; x_wconf 85' lang='lat' dir='ltr'><strong>ver.</strong></span> <span class='ocrx_word' id='word_1_477' title='bbox 410 3110 485 3141; x_wconf 82' lang='lat'><strong>118.</strong></span> 
     </span>
    </p>
   </div>
   <div class='ocr_carea' id='block_1_13' title="bbox 1003 1159 1856 3016">
    <p class='ocr_par' dir='ltr' id='par_1_28' title="bbox 1049 1159 1839 1202">
     <span class='ocr_line' id='line_1_83' title="bbox 1049 1159 1839 1202; baseline 0.001 -12"><span class='ocrx_word' id='word_1_478' title='bbox 1049 1162 1122 1191; x_wconf 72' lang='lat'><strong>175.</strong></span> <span class='ocrx_word' id='word_1_479' title='bbox 1143 1161 1198 1191; x_wconf 78' lang='lat' dir='ltr'><strong>Ad</strong></span> <span class='ocrx_word' id='word_1_480' title='bbox 1207 1159 1364 1202; x_wconf 79' lang='lat' dir='ltr'><strong>pugnam]</strong></span> <span class='ocrx_word' id='word_1_481' title='bbox 1390 1161 1443 1192; x_wconf 80' lang='lat' dir='ltr'><strong>Ad</strong></span> <span class='ocrx_word' id='word_1_482' title='bbox 1459 1172 1546 1192; x_wconf 80' lang='lat' dir='ltr'><strong>veras</strong></span> <span class='ocrx_word' id='word_1_483' title='bbox 1561 1164 1594 1193; x_wconf 91' lang='lat' dir='ltr'><strong>in</strong></span> <span class='ocrx_word' id='word_1_484' title='bbox 1608 1163 1676 1193; x_wconf 90' lang='lat' dir='ltr'><strong>foro</strong></span> <span class='ocrx_word' id='word_1_485' title='bbox 1689 1163 1839 1193; x_wconf 86' lang='lat' dir='ltr'><strong>actiones.</strong></span> 
     </span>
    </p>

    <p class='ocr_par' dir='ltr' id='par_1_29' title="bbox 1004 1205 1840 1323">
     <span class='ocr_line' id='line_1_84' title="bbox 1047 1205 1837 1246; baseline 0.003 -12"><span class='ocrx_word' id='word_1_486' title='bbox 1047 1205 1094 1234; x_wconf 74' lang='lat' dir='ltr'><strong>Ab</strong></span> <span class='ocrx_word' id='word_1_487' title='bbox 1109 1205 1227 1243; x_wconf 82' lang='lat' dir='ltr'><strong>umbra]</strong></span> <span class='ocrx_word' id='word_1_488' title='bbox 1264 1205 1384 1235; x_wconf 72' lang='lat' dir='ltr'><strong>Relicta</strong></span> <span class='ocrx_word' id='word_1_489' title='bbox 1411 1205 1530 1243; x_wconf 74' lang='lat' dir='ltr'><strong>schola,</strong></span> <span class='ocrx_word' id='word_1_490' title='bbox 1553 1207 1586 1235; x_wconf 89' lang='lat' dir='ltr'><strong>in</strong></span> <span class='ocrx_word' id='word_1_491' title='bbox 1614 1217 1680 1245; x_wconf 86' lang='lat' dir='ltr'><strong>qua</strong></span> <span class='ocrx_word' id='word_1_492' title='bbox 1710 1207 1837 1246; x_wconf 79' lang='lat' dir='ltr'><strong>privata:</strong></span> 
     </span>
     <span class='ocr_line' id='line_1_85' title="bbox 1005 1248 1840 1289; baseline 0 -10"><span class='ocrx_word' id='word_1_493' title='bbox 1005 1250 1034 1279; x_wconf 62' lang='grc' dir='ltr'><strong>ὅ(</strong></span> <span class='ocrx_word' id='word_1_494' title='bbox 1053 1249 1238 1279; x_wconf 71' lang='lat' dir='ltr'><strong>umbratiles</strong></span> <span class='ocrx_word' id='word_1_495' title='bbox 1255 1248 1431 1278; x_wconf 82' lang='lat' dir='ltr'><strong>dumtaxat</strong></span> <span class='ocrx_word' id='word_1_496' title='bbox 1447 1250 1599 1289; x_wconf 86' lang='lat' dir='ltr'><strong>actiones,</strong></span> <span class='ocrx_word' id='word_1_497' title='bbox 1624 1252 1650 1280; x_wconf 68' lang='grc' dir='ltr'><strong>δι</strong></span> <span class='ocrx_word' id='word_1_498' title='bbox 1667 1249 1750 1280; x_wconf 79' lang='lat' dir='ltr'><strong>falsae</strong></span> <span class='ocrx_word' id='word_1_499' title='bbox 1765 1260 1840 1279; x_wconf 88' lang='lat' dir='ltr'><strong>con-</strong></span> 
     </span>
     <span class='ocr_line' id='line_1_86' title="bbox 1004 1292 1174 1323; baseline -0.012 -1"><span class='ocrx_word' id='word_1_500' title='bbox 1004 1292 1174 1323; x_wconf 81' lang='lat' dir='ltr'><strong>troversiae.</strong></span> 
     </span>
    </p>

    <p class='ocr_par' dir='ltr' id='par_1_30' title="bbox 1004 1334 1841 1418">
     <span class='ocr_line' id='line_1_87' title="bbox 1050 1334 1841 1375; baseline 0.001 -10"><span class='ocrx_word' id='word_1_501' title='bbox 1050 1337 1122 1366; x_wconf 87' lang='lat'><strong>174.</strong></span> <span class='ocrx_word' id='word_1_502' title='bbox 1145 1334 1299 1364; x_wconf 70' lang='lat' dir='ltr'><strong><em>Summum</em></strong></span> <span class='ocrx_word' id='word_1_503' title='bbox 1324 1346 1359 1365; x_wconf 84' lang='lat' dir='ltr'><strong>ne</strong></span> <span class='ocrx_word' id='word_1_504' title='bbox 1369 1336 1492 1375; x_wconf 78' lang='lat' dir='ltr'><strong>pereat]</strong></span> <span class='ocrx_word' id='word_1_505' title='bbox 1516 1336 1562 1365; x_wconf 84' lang='lat' dir='ltr'><strong>Ut</strong></span> <span class='ocrx_word' id='word_1_506' title='bbox 1587 1336 1705 1375; x_wconf 76' lang='lat' dir='ltr'><strong>exigua</strong></span> <span class='ocrx_word' id='word_1_507' title='bbox 1729 1336 1841 1366; x_wconf 81' lang='lat' dir='ltr'><strong>saltem</strong></span> 
     </span>
     <span class='ocr_line' id='line_1_88' title="bbox 1004 1378 1650 1418; baseline 0.002 -10"><span class='ocrx_word' id='word_1_508' title='bbox 1004 1378 1161 1408; x_wconf 83' lang='lat' dir='ltr'><strong>habeatur</strong></span> <span class='ocrx_word' id='word_1_509' title='bbox 1176 1388 1309 1417; x_wconf 84' lang='lat' dir='ltr'><strong>merces,</strong></span> <span class='ocrx_word' id='word_1_510' title='bbox 1333 1379 1399 1418; x_wconf 64' lang='lat' dir='ltr'><strong>qua</strong></span> <span class='ocrx_word' id='word_1_511' title='bbox 1411 1387 1536 1409; x_wconf 87' lang='lat' dir='ltr'><strong>ematur</strong></span> <span class='ocrx_word' id='word_1_512' title='bbox 1550 1380 1650 1418; x_wconf 82' lang='lat' dir='ltr'><strong>panis.</strong></span> 
     </span>
    </p>

    <p class='ocr_par' dir='ltr' id='par_1_31' title="bbox 1003 1421 1844 1763">
     <span class='ocr_line' id='line_1_89' title="bbox 1052 1421 1843 1461; baseline 0.005 -10"><span class='ocrx_word' id='word_1_513' title='bbox 1052 1421 1190 1460; x_wconf 81' lang='lat' dir='ltr'><strong>Tessera]</strong></span> <span class='ocrx_word' id='word_1_514' title='bbox 1234 1421 1320 1452; x_wconf 87' lang='lat' dir='ltr'><strong>Just.</strong></span> <span class='ocrx_word' id='word_1_515' title='bbox 1351 1422 1480 1461; x_wconf 84' lang='lat' dir='ltr'><strong>Lipsius</strong></span> <span class='ocrx_word' id='word_1_516' title='bbox 1507 1422 1608 1453; x_wconf 85' lang='lat' dir='ltr'><strong>Elect.</strong></span> <span class='ocrx_word' id='word_1_517' title='bbox 1645 1424 1673 1451; x_wconf 80' lang='lat'><strong>1.</strong></span> <span class='ocrx_word' id='word_1_518' title='bbox 1710 1432 1782 1461; x_wconf 89' lang='lat' dir='ltr'><strong>cap.</strong></span> <span class='ocrx_word' id='word_1_519' title='bbox 1813 1424 1843 1455; x_wconf 89' lang='grc'><strong>8.</strong></span> 
     </span>
     <span class='ocr_line' id='line_1_90' title="bbox 1006 1463 1844 1505; baseline 0 -9"><span class='ocrx_word' id='word_1_520' title='bbox 1006 1465 1114 1496; x_wconf 87' lang='lat' dir='ltr'><strong>Multa</strong></span> <span class='ocrx_word' id='word_1_521' title='bbox 1141 1465 1181 1495; x_wconf 88' lang='lat' dir='ltr'><strong>de</strong></span> <span class='ocrx_word' id='word_1_522' title='bbox 1206 1463 1469 1495; x_wconf 85' lang='lat' dir='ltr'><strong>frumentationis</strong></span> <span class='ocrx_word' id='word_1_523' title='bbox 1495 1466 1701 1505; x_wconf 87' lang='lat' dir='ltr'><strong>antiquitate,</strong></span> <span class='ocrx_word' id='word_1_524' title='bbox 1728 1476 1764 1496; x_wconf 88' lang='lat' dir='ltr'><strong>ac</strong></span> <span class='ocrx_word' id='word_1_525' title='bbox 1778 1466 1844 1497; x_wconf 87' lang='lat' dir='ltr'><strong>fru-</strong></span> 
     </span>
     <span class='ocr_line' id='line_1_91' title="bbox 1006 1508 1844 1547; baseline 0.002 -8"><span class='ocrx_word' id='word_1_526' title='bbox 1006 1509 1110 1539; x_wconf 83' lang='lat' dir='ltr'><strong>menti</strong></span> <span class='ocrx_word' id='word_1_527' title='bbox 1125 1508 1351 1538; x_wconf 85' lang='lat' dir='ltr'><strong>distributione</strong></span> <span class='ocrx_word' id='word_1_528' title='bbox 1369 1509 1509 1547; x_wconf 80' lang='lat' dir='ltr'><strong>primum</strong></span> <span class='ocrx_word' id='word_1_529' title='bbox 1525 1509 1565 1538; x_wconf 90' lang='lat' dir='ltr'><strong>ab</strong></span> <span class='ocrx_word' id='word_1_530' title='bbox 1578 1508 1751 1547; x_wconf 83' lang='lat' dir='ltr'><strong>AEdilibus,</strong></span> <span class='ocrx_word' id='word_1_531' title='bbox 1768 1510 1844 1541; x_wconf 87' lang='lat' dir='ltr'><strong>dein</strong></span> 
     </span>
     <span class='ocr_line' id='line_1_92' title="bbox 1005 1551 1842 1592; baseline 0.001 -10"><span class='ocrx_word' id='word_1_532' title='bbox 1005 1553 1044 1582; x_wconf 90' lang='lat' dir='ltr'><strong>ab</strong></span> <span class='ocrx_word' id='word_1_533' title='bbox 1062 1561 1199 1583; x_wconf 81' lang='lat' dir='ltr'><strong>annonae</strong></span> <span class='ocrx_word' id='word_1_534' title='bbox 1218 1552 1424 1582; x_wconf 75' lang='lat' dir='ltr'><strong>curatoribus</strong></span> <span class='ocrx_word' id='word_1_535' title='bbox 1450 1552 1544 1590; x_wconf 69' lang='lat' dir='ltr'><strong>facta,</strong></span> <span class='ocrx_word' id='word_1_536' title='bbox 1569 1553 1597 1581; x_wconf 69' lang='lat' dir='ltr'><strong>Sc</strong></span> <span class='ocrx_word' id='word_1_537' title='bbox 1626 1551 1760 1590; x_wconf 85' lang='lat' dir='ltr'><strong>quidem</strong></span> <span class='ocrx_word' id='word_1_538' title='bbox 1785 1561 1842 1592; x_wconf 86' lang='lat' dir='ltr'><strong>per</strong></span> 
     </span>
     <span class='ocr_line' id='line_1_93' title="bbox 1006 1595 1841 1635; baseline 0.001 -10"><span class='ocrx_word' id='word_1_539' title='bbox 1006 1602 1135 1626; x_wconf 84' lang='lat' dir='ltr'><strong>tesseras</strong></span> <span class='ocrx_word' id='word_1_540' title='bbox 1151 1605 1209 1625; x_wconf 88' lang='lat' dir='ltr'><strong>seu</strong></span> <span class='ocrx_word' id='word_1_541' title='bbox 1225 1596 1370 1635; x_wconf 89' lang='lat' dir='ltr'><strong>symbola</strong></span> <span class='ocrx_word' id='word_1_542' title='bbox 1386 1596 1403 1625; x_wconf 76' lang='grc' dir='ltr'>ὲ</span> <span class='ocrx_word' id='word_1_543' title='bbox 1419 1596 1508 1635; x_wconf 83' lang='lat' dir='ltr'><strong>ligno</strong></span> <span class='ocrx_word' id='word_1_544' title='bbox 1531 1595 1582 1624; x_wconf 76' lang='lat' dir='ltr'><strong>vel</strong></span> <span class='ocrx_word' id='word_1_545' title='bbox 1599 1595 1749 1634; x_wconf 84' lang='lat' dir='ltr'><strong>plumbo,</strong></span> <span class='ocrx_word' id='word_1_546' title='bbox 1766 1597 1841 1635; x_wconf 89' lang='lat' dir='ltr'><strong>qui-</strong></span> 
     </span>
     <span class='ocr_line' id='line_1_94' title="bbox 1004 1638 1839 1679; baseline 0.001 -10"><span class='ocrx_word' id='word_1_547' title='bbox 1004 1639 1064 1669; x_wconf 89' lang='lat' dir='ltr'><strong>bus</strong></span> <span class='ocrx_word' id='word_1_548' title='bbox 1080 1639 1227 1669; x_wconf 86' lang='lat' dir='ltr'><strong>instructi</strong></span> <span class='ocrx_word' id='word_1_549' title='bbox 1242 1641 1419 1679; x_wconf 82' lang='lat' dir='ltr'><strong>pergebant</strong></span> <span class='ocrx_word' id='word_1_550' title='bbox 1441 1639 1480 1669; x_wconf 91' lang='lat' dir='ltr'><strong>ad</strong></span> <span class='ocrx_word' id='word_1_551' title='bbox 1506 1639 1618 1669; x_wconf 87' lang='lat' dir='ltr'><strong>horrea</strong></span> <span class='ocrx_word' id='word_1_552' title='bbox 1643 1638 1786 1677; x_wconf 83' lang='lat' dir='ltr'><strong>publica,</strong></span> <span class='ocrx_word' id='word_1_553' title='bbox 1811 1640 1839 1670; x_wconf 72' lang='grc' dir='ltr'><strong>δε</strong></span> 
     </span>
     <span class='ocr_line' id='line_1_95' title="bbox 1004 1681 1840 1722; baseline 0.004 -11"><span class='ocrx_word' id='word_1_554' title='bbox 1004 1682 1141 1722; x_wconf 87' lang='lat' dir='ltr'><strong>singulis</strong></span> <span class='ocrx_word' id='word_1_555' title='bbox 1156 1682 1323 1712; x_wconf 86' lang='lat' dir='ltr'><strong>mensibus</strong></span> <span class='ocrx_word' id='word_1_556' title='bbox 1336 1683 1541 1713; x_wconf 84' lang='lat' dir='ltr'><strong>frumentum</strong></span> <span class='ocrx_word' id='word_1_557' title='bbox 1553 1681 1768 1720; x_wconf 85' lang='lat' dir='ltr'><strong>accipiebant,</strong></span> <span class='ocrx_word' id='word_1_558' title='bbox 1782 1683 1840 1714; x_wconf 71' lang='lat' dir='ltr'><strong>&amp;c-</strong></span> 
     </span>
     <span class='ocr_line' id='line_1_96' title="bbox 1003 1725 1620 1763; baseline -0.002 -8"><span class='ocrx_word' id='word_1_559' title='bbox 1003 1725 1091 1755; x_wconf 81' lang='lat' dir='ltr'><strong>Vide</strong></span> <span class='ocrx_word' id='word_1_560' title='bbox 1106 1734 1178 1763; x_wconf 79' lang='lat' dir='ltr'><strong>quae</strong></span> <span class='ocrx_word' id='word_1_561' title='bbox 1193 1725 1233 1754; x_wconf 90' lang='lat' dir='ltr'><strong>ad</strong></span> <span class='ocrx_word' id='word_1_562' title='bbox 1248 1725 1333 1756; x_wconf 83' lang='lat' dir='ltr'><strong>Pers.</strong></span> <span class='ocrx_word' id='word_1_563' title='bbox 1351 1726 1416 1756; x_wconf 88' lang='lat' dir='ltr'><strong>Sat.</strong></span> <span class='ocrx_word' id='word_1_564' title='bbox 1433 1728 1461 1755; x_wconf 85' lang='lat'><strong>5.</strong></span> <span class='ocrx_word' id='word_1_565' title='bbox 1487 1735 1551 1755; x_wconf 88' lang='lat' dir='ltr'><strong>ver.</strong></span> <span class='ocrx_word' id='word_1_566' title='bbox 1569 1726 1620 1755; x_wconf 76' lang='lat'><strong>74.</strong></span> 
     </span>
    </p>

    <p class='ocr_par' dir='ltr' id='par_1_32' title="bbox 1008 1766 1846 1935">
     <span class='ocr_line' id='line_1_97' title="bbox 1056 1766 1843 1811; baseline 0.004 -14"><span class='ocrx_word' id='word_1_567' title='bbox 1056 1766 1172 1811; x_wconf 73' lang='lat' dir='ltr'><strong>Vaenit]</strong></span> <span class='ocrx_word' id='word_1_568' title='bbox 1195 1770 1371 1807; x_wconf 87' lang='lat' dir='ltr'><strong>Acceptam</strong></span> <span class='ocrx_word' id='word_1_569' title='bbox 1389 1770 1511 1800; x_wconf 87' lang='lat' dir='ltr'><strong>etenim</strong></span> <span class='ocrx_word' id='word_1_570' title='bbox 1527 1776 1677 1798; x_wconf 86' lang='lat' dir='ltr'><strong>tesseram</strong></span> <span class='ocrx_word' id='word_1_571' title='bbox 1696 1768 1843 1800; x_wconf 84' lang='lat' dir='ltr'><strong>frumen·</strong></span> 
     </span>
     <span class='ocr_line' id='line_1_98' title="bbox 1008 1811 1846 1851; baseline 0.002 -11"><span class='ocrx_word' id='word_1_572' title='bbox 1008 1813 1119 1841; x_wconf 86' lang='lat' dir='ltr'><strong>tariam</strong></span> <span class='ocrx_word' id='word_1_573' title='bbox 1139 1812 1276 1841; x_wconf 88' lang='lat' dir='ltr'><strong>vendere</strong></span> <span class='ocrx_word' id='word_1_574' title='bbox 1292 1812 1407 1842; x_wconf 87' lang='lat' dir='ltr'><strong>licebat</strong></span> <span class='ocrx_word' id='word_1_575' title='bbox 1423 1823 1431 1851; x_wconf 83' lang='lat'><em>3</em></span> <span class='ocrx_word' id='word_1_576' title='bbox 1458 1813 1486 1841; x_wconf 72' lang='lat' dir='ltr'><strong>&lt;Sc</strong></span> <span class='ocrx_word' id='word_1_577' title='bbox 1511 1811 1693 1841; x_wconf 81' lang='lat' dir='ltr'><strong>vendebant</strong></span> <span class='ocrx_word' id='word_1_578' title='bbox 1710 1813 1766 1850; x_wconf 90' lang='lat' dir='ltr'><strong>qui</strong></span> <span class='ocrx_word' id='word_1_579' title='bbox 1782 1814 1846 1842; x_wconf 80' lang='lat' dir='ltr'><strong>vic-</strong></span> 
     </span>
     <span class='ocr_line' id='line_1_99' title="bbox 1009 1854 1842 1895; baseline 0.004 -13"><span class='ocrx_word' id='word_1_580' title='bbox 1009 1861 1080 1885; x_wconf 89' lang='lat' dir='ltr'><strong>tum</strong></span> <span class='ocrx_word' id='word_1_581' title='bbox 1106 1854 1262 1884; x_wconf 85' lang='lat' dir='ltr'><strong>habentes</strong></span> <span class='ocrx_word' id='word_1_582' title='bbox 1286 1855 1428 1893; x_wconf 87' lang='lat' dir='ltr'><strong>aliunde,</strong></span> <span class='ocrx_word' id='word_1_583' title='bbox 1452 1855 1616 1885; x_wconf 81' lang='lat' dir='ltr'><strong>frumento</strong></span> <span class='ocrx_word' id='word_1_584' title='bbox 1633 1864 1701 1884; x_wconf 89' lang='lat' dir='ltr'><strong>non</strong></span> <span class='ocrx_word' id='word_1_585' title='bbox 1717 1855 1842 1895; x_wconf 81' lang='lat' dir='ltr'><strong>indige-</strong></span> 
     </span>
     <span class='ocr_line' id='line_1_100' title="bbox 1008 1897 1405 1935; baseline 0 -8"><span class='ocrx_word' id='word_1_586' title='bbox 1008 1897 1098 1928; x_wconf 81' lang='lat' dir='ltr'><strong>bant.</strong></span> <span class='ocrx_word' id='word_1_587' title='bbox 1144 1898 1233 1935; x_wconf 87' lang='lat' dir='ltr'><strong>Lips.</strong></span> <span class='ocrx_word' id='word_1_588' title='bbox 1251 1898 1309 1927; x_wconf 87' lang='lat' dir='ltr'><strong>cit.</strong></span> <span class='ocrx_word' id='word_1_589' title='bbox 1324 1898 1405 1927; x_wconf 84' lang='lat' dir='ltr'><strong>loco.</strong></span> 
     </span>
    </p>

    <p class='ocr_par' dir='ltr' id='par_1_33' title="bbox 1008 1938 1850 2152">
     <span class='ocr_line' id='line_1_101' title="bbox 1054 1938 1847 1981; baseline 0.001 -11"><span class='ocrx_word' id='word_1_590' title='bbox 1054 1943 1126 1972; x_wconf 85' lang='lat'><strong>175.</strong></span> <span class='ocrx_word' id='word_1_591' title='bbox 1152 1941 1249 1970; x_wconf 85' lang='lat' dir='ltr'><strong>Tenta</strong></span> <span class='ocrx_word' id='word_1_592' title='bbox 1265 1940 1486 1980; x_wconf 79' lang='lat' dir='ltr'><strong>Chrysogonus,</strong></span> <span class='ocrx_word' id='word_1_593' title='bbox 1501 1938 1572 1981; x_wconf 55' lang='lat' dir='ltr'><strong>ega]</strong></span> <span class='ocrx_word' id='word_1_594' title='bbox 1604 1940 1638 1969; x_wconf 92' lang='lat' dir='ltr'><strong>Si</strong></span> <span class='ocrx_word' id='word_1_595' title='bbox 1654 1939 1736 1970; x_wconf 88' lang='lat' dir='ltr'><strong>mihi</strong></span> <span class='ocrx_word' id='word_1_596' title='bbox 1751 1940 1847 1973; x_wconf 87' lang='lat' dir='ltr'><strong>fidem</strong></span> 
     </span>
     <span class='ocr_line' id='line_1_102' title="bbox 1008 1983 1850 2023; baseline 0.005 -11"><span class='ocrx_word' id='word_1_597' title='bbox 1008 1993 1076 2013; x_wconf 90' lang='lat' dir='ltr'><strong>non</strong></span> <span class='ocrx_word' id='word_1_598' title='bbox 1105 1984 1215 2021; x_wconf 82' lang='lat' dir='ltr'><strong>habes,</strong></span> <span class='ocrx_word' id='word_1_599' title='bbox 1242 1984 1370 2023; x_wconf 88' lang='lat' dir='ltr'><strong>inquire</strong></span> <span class='ocrx_word' id='word_1_600' title='bbox 1387 1984 1487 2023; x_wconf 80' lang='lat' dir='ltr'><strong>quam</strong></span> <span class='ocrx_word' id='word_1_601' title='bbox 1512 1984 1569 2012; x_wconf 79' lang='lat' dir='ltr'><strong>vili</strong></span> <span class='ocrx_word' id='word_1_602' title='bbox 1594 1984 1697 2022; x_wconf 87' lang='lat' dir='ltr'><strong>pretio</strong></span> <span class='ocrx_word' id='word_1_603' title='bbox 1712 1983 1850 2016; x_wconf 86' lang='lat' dir='ltr'><strong>doceant</strong></span> 
     </span>
     <span class='ocr_line' id='line_1_103' title="bbox 1012 2026 1847 2066; baseline 0.001 -9"><span class='ocrx_word' id='word_1_604' title='bbox 1012 2027 1241 2066; x_wconf 87' lang='lat' dir='ltr'><strong>Chrysogonus</strong></span> <span class='ocrx_word' id='word_1_605' title='bbox 1258 2027 1287 2056; x_wconf 86' lang='lat'>&amp;</span> <span class='ocrx_word' id='word_1_606' title='bbox 1305 2027 1415 2065; x_wconf 80' lang='lat' dir='ltr'><strong>Pollio,</strong></span> <span class='ocrx_word' id='word_1_607' title='bbox 1440 2027 1468 2056; x_wconf 70' lang='grc' dir='ltr'><strong>δι</strong></span> <span class='ocrx_word' id='word_1_608' title='bbox 1484 2026 1596 2065; x_wconf 78' lang='lat' dir='ltr'><strong>,quam</strong></span> <span class='ocrx_word' id='word_1_609' title='bbox 1621 2026 1773 2064; x_wconf 75' lang='lat' dir='ltr'><strong>exiguam</strong></span> <span class='ocrx_word' id='word_1_610' title='bbox 1797 2038 1847 2058; x_wconf 91' lang='lat' dir='ltr'><strong>ca-</strong></span> 
     </span>
     <span class='ocr_line' id='line_1_104' title="bbox 1011 2069 1847 2111; baseline 0.001 -12"><span class='ocrx_word' id='word_1_611' title='bbox 1011 2070 1096 2108; x_wconf 59' lang='lat' dir='ltr'><strong>pinu·</strong></span> <span class='ocrx_word' id='word_1_612' title='bbox 1121 2070 1303 2100; x_wconf 87' lang='lat' dir='ltr'><strong>mercedem</strong></span> <span class='ocrx_word' id='word_1_613' title='bbox 1326 2070 1422 2100; x_wconf 88' lang='lat' dir='ltr'><strong>etiam</strong></span> <span class='ocrx_word' id='word_1_614' title='bbox 1441 2070 1457 2098; x_wconf 76' lang='lat' dir='ltr'><strong>a</strong></span> <span class='ocrx_word' id='word_1_615' title='bbox 1475 2069 1637 2099; x_wconf 84' lang='lat' dir='ltr'><strong>nobilibus</strong></span> <span class='ocrx_word' id='word_1_616' title='bbox 1650 2076 1750 2108; x_wconf 80' lang='lat' dir='ltr'><strong>atque</strong></span> <span class='ocrx_word' id='word_1_617' title='bbox 1765 2080 1847 2111; x_wconf 90' lang='lat' dir='ltr'><strong>opu-</strong></span> 
     </span>
     <span class='ocr_line' id='line_1_105' title="bbox 1010 2112 1571 2152; baseline -0.004 -9"><span class='ocrx_word' id='word_1_618' title='bbox 1010 2113 1120 2151; x_wconf 82' lang='lat' dir='ltr'><strong>lentis,</strong></span> <span class='ocrx_word' id='word_1_619' title='bbox 1131 2122 1271 2152; x_wconf 90' lang='lat' dir='ltr'><strong>quorum</strong></span> <span class='ocrx_word' id='word_1_620' title='bbox 1289 2112 1367 2142; x_wconf 77' lang='lat' dir='ltr'><strong>filios</strong></span> <span class='ocrx_word' id='word_1_621' title='bbox 1385 2113 1571 2142; x_wconf 81' lang='lat' dir='ltr'><strong>instituunt.</strong></span> 
     </span>
    </p>

    <p class='ocr_par' dir='ltr' id='par_1_34' title="bbox 1008 2155 1847 2316">
     <span class='ocr_line' id='line_1_106' title="bbox 1058 2155 1847 2196; baseline 0 -9"><span class='ocrx_word' id='word_1_622' title='bbox 1058 2158 1128 2187; x_wconf 84' lang='lat'><strong>176.</strong></span> <span class='ocrx_word' id='word_1_623' title='bbox 1148 2155 1368 2196; x_wconf 70' lang='lat' dir='ltr'><strong>(krysogonus,</strong></span> <span class='ocrx_word' id='word_1_624' title='bbox 1379 2156 1494 2194; x_wconf 83' lang='lat' dir='ltr'><strong>Pollio]</strong></span> <span class='ocrx_word' id='word_1_625' title='bbox 1519 2156 1674 2193; x_wconf 80' lang='lat' dir='ltr'><strong>Sophistae</strong></span> <span class='ocrx_word' id='word_1_626' title='bbox 1691 2165 1747 2186; x_wconf 90' lang='lat' dir='ltr'><strong>seu</strong></span> <span class='ocrx_word' id='word_1_627' title='bbox 1761 2157 1847 2187; x_wconf 84' lang='lat' dir='ltr'><strong>Rhe-</strong></span> 
     </span>
     <span class='ocr_line' id='line_1_107' title="bbox 1009 2199 1846 2237; baseline 0.001 -7"><span class='ocrx_word' id='word_1_628' title='bbox 1009 2206 1102 2230; x_wconf 90' lang='lat' dir='ltr'><strong>tores.</strong></span> <span class='ocrx_word' id='word_1_629' title='bbox 1150 2199 1352 2230; x_wconf 82' lang='lat' dir='ltr'><strong>citharoedos</strong></span> <span class='ocrx_word' id='word_1_630' title='bbox 1368 2210 1435 2229; x_wconf 87' lang='lat' dir='ltr'><strong>esse</strong></span> <span class='ocrx_word' id='word_1_631' title='bbox 1451 2200 1566 2228; x_wconf 88' lang='lat' dir='ltr'><strong>volunt</strong></span> <span class='ocrx_word' id='word_1_632' title='bbox 1589 2199 1654 2236; x_wconf 73' lang='lat' dir='ltr'><strong>alii,</strong></span> <span class='ocrx_word' id='word_1_633' title='bbox 1682 2208 1762 2237; x_wconf 89' lang='lat' dir='ltr'><strong>quos</strong></span> <span class='ocrx_word' id='word_1_634' title='bbox 1784 2201 1846 2231; x_wconf 88' lang='lat' dir='ltr'><strong>Ju-</strong></span> 
     </span>
     <span class='ocr_line' id='line_1_108' title="bbox 1009 2241 1845 2282; baseline 0.002 -10"><span class='ocrx_word' id='word_1_635' title='bbox 1009 2244 1130 2273; x_wconf 81' lang='lat' dir='ltr'><strong>venalis</strong></span> <span class='ocrx_word' id='word_1_636' title='bbox 1157 2241 1296 2273; x_wconf 84' lang='lat' dir='ltr'><strong>affirmet</strong></span> <span class='ocrx_word' id='word_1_637' title='bbox 1326 2243 1399 2282; x_wconf 88' lang='lat' dir='ltr'><strong>plus</strong></span> <span class='ocrx_word' id='word_1_638' title='bbox 1427 2242 1535 2273; x_wconf 80' lang='lat' dir='ltr'><strong>multo</strong></span> <span class='ocrx_word' id='word_1_639' title='bbox 1564 2242 1663 2280; x_wconf 74' lang='lat' dir='ltr'><strong>quarn</strong></span> <span class='ocrx_word' id='word_1_640' title='bbox 1693 2242 1845 2274; x_wconf 84' lang='lat' dir='ltr'><strong>Rhetores</strong></span> 
     </span>
     <span class='ocr_line' id='line_1_109' title="bbox 1008 2286 1136 2316; baseline 0 -1"><span class='ocrx_word' id='word_1_641' title='bbox 1008 2286 1136 2316; x_wconf 84' lang='lat' dir='ltr'><strong>lucrari.</strong></span> 
     </span>
    </p>

    <p class='ocr_par' dir='ltr' id='par_1_35' title="bbox 1010 2328 1850 2455">
     <span class='ocr_line' id='line_1_110' title="bbox 1057 2328 1850 2368; baseline -0.001 -8"><span class='ocrx_word' id='word_1_642' title='bbox 1057 2332 1130 2360; x_wconf 87' lang='grc'><strong>177.</strong></span> <span class='ocrx_word' id='word_1_643' title='bbox 1176 2329 1283 2359; x_wconf 81' lang='lat' dir='ltr'><strong>Artem</strong></span> <span class='ocrx_word' id='word_1_644' title='bbox 1317 2328 1470 2367; x_wconf 72' lang='lat' dir='ltr'><strong>scindens]</strong></span> <span class='ocrx_word' id='word_1_645' title='bbox 1515 2328 1731 2366; x_wconf 87' lang='lat' dir='ltr'><strong>Rhetoricam,</strong></span> <span class='ocrx_word' id='word_1_646' title='bbox 1757 2331 1807 2368; x_wconf 89' lang='lat' dir='ltr'><strong>cuj</strong></span> <span class='ocrx_word' id='word_1_647' title='bbox 1815 2341 1850 2361; x_wconf 89' lang='lat' dir='ltr'><strong>us</strong></span> 
     </span>
     <span class='ocr_line' id='line_1_111' title="bbox 1010 2371 1848 2413; baseline -0.001 -10"><span class='ocrx_word' id='word_1_648' title='bbox 1010 2379 1170 2412; x_wconf 80' lang='lat' dir='ltr'><strong>praecepta</strong></span> <span class='ocrx_word' id='word_1_649' title='bbox 1196 2373 1384 2402; x_wconf 85' lang='lat' dir='ltr'><strong>minutatim</strong></span> <span class='ocrx_word' id='word_1_650' title='bbox 1411 2373 1503 2411; x_wconf 80' lang='lat' dir='ltr'><strong>quasi</strong></span> <span class='ocrx_word' id='word_1_651' title='bbox 1527 2371 1682 2410; x_wconf 85' lang='lat' dir='ltr'><strong>dispertit,</strong></span> <span class='ocrx_word' id='word_1_652' title='bbox 1705 2372 1848 2413; x_wconf 86' lang='lat' dir='ltr'><strong>dissipat,</strong></span> 
     </span>
     <span class='ocr_line' id='line_1_112' title="bbox 1010 2414 1825 2455; baseline 0 -9"><span class='ocrx_word' id='word_1_653' title='bbox 1010 2416 1174 2455; x_wconf 83' lang='lat' dir='ltr'><strong>disperdit,</strong></span> <span class='ocrx_word' id='word_1_654' title='bbox 1191 2416 1283 2445; x_wconf 64' lang='lat' dir='ltr'><strong>nulla</strong></span> <span class='ocrx_word' id='word_1_655' title='bbox 1300 2416 1398 2454; x_wconf 72' lang='lat' dir='ltr'><strong>prope</strong></span> <span class='ocrx_word' id='word_1_656' title='bbox 1415 2414 1574 2451; x_wconf 86' lang='lat' dir='ltr'><strong>mercede,</strong></span> <span class='ocrx_word' id='word_1_657' title='bbox 1594 2414 1687 2444; x_wconf 88' lang='lat' dir='ltr'><strong>nullo</strong></span> <span class='ocrx_word' id='word_1_658' title='bbox 1706 2414 1825 2446; x_wconf 82' lang='lat' dir='ltr'><strong>fructu.</strong></span> 
     </span>
    </p>

    <p class='ocr_par' dir='ltr' id='par_1_36' title="bbox 1009 2458 1850 2542">
     <span class='ocr_line' id='line_1_113' title="bbox 1052 2458 1850 2499; baseline 0.003 -11"><span class='ocrx_word' id='word_1_659' title='bbox 1052 2459 1213 2497; x_wconf 76' lang='lat' dir='ltr'><strong>Scindens]</strong></span> <span class='ocrx_word' id='word_1_660' title='bbox 1253 2458 1394 2492; x_wconf 82' lang='lat' dir='ltr'><strong>Quidam</strong></span> <span class='ocrx_word' id='word_1_661' title='bbox 1426 2459 1688 2495; x_wconf 84' lang='lat' dir='ltr'><strong>interpretantur,</strong></span> <span class='ocrx_word' id='word_1_662' title='bbox 1722 2460 1850 2499; x_wconf 83' lang='lat' dir='ltr'><strong>vitupe-</strong></span> 
     </span>
     <span class='ocr_line' id='line_1_114' title="bbox 1009 2500 1750 2542; baseline -0.001 -9"><span class='ocrx_word' id='word_1_663' title='bbox 1009 2512 1094 2541; x_wconf 88' lang='lat' dir='ltr'><strong>rans,</strong></span> <span class='ocrx_word' id='word_1_664' title='bbox 1114 2502 1344 2542; x_wconf 75' lang='lat' dir='ltr'><strong>proscindens:</strong></span> <span class='ocrx_word' id='word_1_665' title='bbox 1369 2501 1422 2531; x_wconf 88' lang='lat' dir='ltr'><strong>sed</strong></span> <span class='ocrx_word' id='word_1_666' title='bbox 1436 2501 1543 2530; x_wconf 74' lang='lat' dir='ltr'><strong>minus</strong></span> <span class='ocrx_word' id='word_1_667' title='bbox 1560 2500 1588 2528; x_wconf 85' lang='lat' dir='ltr'><strong>id</strong></span> <span class='ocrx_word' id='word_1_668' title='bbox 1607 2501 1750 2538; x_wconf 90' lang='lat' dir='ltr'><strong>probem.</strong></span> 
     </span>
    </p>

    <p class='ocr_par' dir='ltr' id='par_1_37' title="bbox 1009 2543 1856 3016">
     <span class='ocr_line' id='line_1_115' title="bbox 1055 2543 1848 2584; baseline 0 -8"><span class='ocrx_word' id='word_1_669' title='bbox 1055 2545 1218 2583; x_wconf 75' lang='lat' dir='ltr'><strong>Theodori]</strong></span> <span class='ocrx_word' id='word_1_670' title='bbox 1257 2544 1287 2574; x_wconf 90' lang='lat' dir='ltr'><strong>Is</strong></span> <span class='ocrx_word' id='word_1_671' title='bbox 1310 2544 1435 2574; x_wconf 69' lang='lat' dir='ltr'><strong>Gadara</strong></span> <span class='ocrx_word' id='word_1_672' title='bbox 1462 2545 1540 2573; x_wconf 87' lang='lat' dir='ltr'><strong>urbe</strong></span> <span class='ocrx_word' id='word_1_673' title='bbox 1557 2543 1654 2581; x_wconf 79' lang='lat' dir='ltr'><strong>Syriae</strong></span> <span class='ocrx_word' id='word_1_674' title='bbox 1681 2545 1848 2584; x_wconf 84' lang='lat' dir='ltr'><strong>oriundus,</strong></span> 
     </span>
     <span class='ocr_line' id='line_1_116' title="bbox 1009 2585 1848 2629; baseline -0.001 -10"><span class='ocrx_word' id='word_1_675' title='bbox 1009 2590 1140 2629; x_wconf 85' lang='lat' dir='ltr'><strong>insignis</strong></span> <span class='ocrx_word' id='word_1_676' title='bbox 1168 2588 1290 2619; x_wconf 86' lang='lat' dir='ltr'><strong>Rhetor</strong></span> <span class='ocrx_word' id='word_1_677' title='bbox 1316 2588 1389 2625; x_wconf 84' lang='lat' dir='ltr'><strong>fuit,</strong></span> <span class='ocrx_word' id='word_1_678' title='bbox 1412 2586 1533 2616; x_wconf 86' lang='lat' dir='ltr'><strong>Tiberii</strong></span> <span class='ocrx_word' id='word_1_679' title='bbox 1549 2585 1680 2616; x_wconf 81' lang='lat' dir='ltr'><strong>Caesaris</strong></span> <span class='ocrx_word' id='word_1_680' title='bbox 1706 2598 1848 2628; x_wconf 72' lang='lat' dir='ltr'><strong>praecep-</strong></span> 
     </span>
     <span class='ocr_line' id='line_1_117' title="bbox 1011 2630 1848 2672; baseline -0.001 -10"><span class='ocrx_word' id='word_1_681' title='bbox 1011 2639 1072 2671; x_wconf 83' lang='lat' dir='ltr'><strong>tor,</strong></span> <span class='ocrx_word' id='word_1_682' title='bbox 1097 2633 1153 2672; x_wconf 91' lang='lat' dir='ltr'><strong>qui</strong></span> <span class='ocrx_word' id='word_1_683' title='bbox 1179 2640 1295 2661; x_wconf 80' lang='lat' dir='ltr'><strong>saevam</strong></span> <span class='ocrx_word' id='word_1_684' title='bbox 1326 2632 1395 2668; x_wconf 81' lang='lat' dir='ltr'><strong>ejus</strong></span> <span class='ocrx_word' id='word_1_685' title='bbox 1423 2630 1564 2660; x_wconf 84' lang='lat' dir='ltr'><strong>indolem</strong></span> <span class='ocrx_word' id='word_1_686' title='bbox 1595 2632 1760 2669; x_wconf 85' lang='lat' dir='ltr'><strong>perspexit</strong></span> <span class='ocrx_word' id='word_1_687' title='bbox 1786 2632 1848 2670; x_wconf 87' lang='lat' dir='ltr'><strong>pri-</strong></span> 
     </span>
     <span class='ocr_line' id='line_1_118' title="bbox 1010 2673 1848 2714; baseline -0.002 -7"><span class='ocrx_word' id='word_1_688' title='bbox 1010 2685 1098 2714; x_wconf 84' lang='lat' dir='ltr'><strong>mus,</strong></span> <span class='ocrx_word' id='word_1_689' title='bbox 1122 2686 1158 2705; x_wconf 90' lang='lat' dir='ltr'><strong>ac</strong></span> <span class='ocrx_word' id='word_1_690' title='bbox 1173 2675 1295 2704; x_wconf 81' lang='lat' dir='ltr'><strong>notavit</strong></span> <span class='ocrx_word' id='word_1_691' title='bbox 1309 2674 1342 2703; x_wconf 80' lang='lat' dir='ltr'><strong>in</strong></span> <span class='ocrx_word' id='word_1_692' title='bbox 1360 2683 1473 2712; x_wconf 80' lang='lat' dir='ltr'><strong>puero,</strong></span> <span class='ocrx_word' id='word_1_693' title='bbox 1489 2673 1650 2702; x_wconf 85' lang='lat' dir='ltr'><strong>Suetonio</strong></span> <span class='ocrx_word' id='word_1_694' title='bbox 1664 2680 1758 2713; x_wconf 84' lang='lat' dir='ltr'><strong>teste,</strong></span> <span class='ocrx_word' id='word_1_695' title='bbox 1771 2675 1848 2709; x_wconf 74' lang='lat' dir='ltr'><strong>Tib.</strong></span> 
     </span>
     <span class='ocr_line' id='line_1_119' title="bbox 1011 2715 1849 2759; baseline -0.004 -10"><span class='ocrx_word' id='word_1_696' title='bbox 1011 2729 1081 2759; x_wconf 85' lang='lat' dir='ltr'><strong>cap.</strong></span> <span class='ocrx_word' id='word_1_697' title='bbox 1095 2721 1145 2749; x_wconf 86' lang='lat'><strong>57.</strong></span> <span class='ocrx_word' id='word_1_698' title='bbox 1193 2718 1245 2747; x_wconf 90' lang='lat' dir='ltr'><strong>De</strong></span> <span class='ocrx_word' id='word_1_699' title='bbox 1258 2716 1373 2746; x_wconf 86' lang='lat' dir='ltr'><strong>eodem</strong></span> <span class='ocrx_word' id='word_1_700' title='bbox 1388 2715 1582 2749; x_wconf 82' lang='lat' dir='ltr'><strong>Quintilian.</strong></span> <span class='ocrx_word' id='word_1_701' title='bbox 1598 2716 1652 2745; x_wconf 84' lang='lat' dir='ltr'><strong>lib.</strong></span> <span class='ocrx_word' id='word_1_702' title='bbox 1669 2718 1699 2746; x_wconf 82' lang='lat'><strong>3.</strong></span> <span class='ocrx_word' id='word_1_703' title='bbox 1726 2726 1798 2756; x_wconf 84' lang='lat' dir='ltr'><strong>cap.</strong></span> <span class='ocrx_word' id='word_1_704' title='bbox 1820 2720 1849 2746; x_wconf 93' lang='lat'><strong>1.</strong></span> 
     </span>
     <span class='ocr_line' id='line_1_120' title="bbox 1012 2758 1851 2800; baseline -0.004 -8"><span class='ocrx_word' id='word_1_705' title='bbox 1012 2762 1057 2792; x_wconf 89' lang='lat' dir='ltr'><strong>sic</strong></span> <span class='ocrx_word' id='word_1_706' title='bbox 1081 2762 1247 2800; x_wconf 85' lang='lat' dir='ltr'><strong>loquitur:</strong></span> <span class='ocrx_word' id='word_1_707' title='bbox 1277 2758 1448 2790; x_wconf 69' lang='lat' dir='ltr'><strong>Theodorus</strong></span> <span class='ocrx_word' id='word_1_708' title='bbox 1462 2759 1635 2797; x_wconf 77' lang='lat' dir='ltr'><strong>Gadareus,</strong></span> <span class='ocrx_word' id='word_1_709' title='bbox 1660 2759 1711 2798; x_wconf 83' lang='lat' dir='ltr'><strong>qni</strong></span> <span class='ocrx_word' id='word_1_710' title='bbox 1736 2770 1766 2789; x_wconf 74' lang='lat' dir='ltr'><strong>se</strong></span> <span class='ocrx_word' id='word_1_711' title='bbox 1789 2760 1851 2789; x_wconf 76' lang='lat' dir='ltr'><strong>diez·</strong></span> 
     </span>
     <span class='ocr_line' id='line_1_121' title="bbox 1013 2802 1854 2841; baseline -0.001 -7"><span class='ocrx_word' id='word_1_712' title='bbox 1013 2805 1120 2836; x_wconf 82' lang='lat' dir='ltr'><strong>maluit</strong></span> <span class='ocrx_word' id='word_1_713' title='bbox 1136 2802 1300 2840; x_wconf 75' lang='lat' dir='ltr'><strong>Rhodium,</strong></span> <span class='ocrx_word' id='word_1_714' title='bbox 1324 2812 1410 2841; x_wconf 80' lang='lat' dir='ltr'><strong>quem</strong></span> <span class='ocrx_word' id='word_1_715' title='bbox 1426 2802 1558 2833; x_wconf 72' lang='lat' dir='ltr'><strong>studiose}</strong></span> <span class='ocrx_word' id='word_1_716' title='bbox 1579 2802 1710 2839; x_wconf 76' lang='lat' dir='ltr'><strong>audisse,</strong></span> <span class='ocrx_word' id='word_1_717' title='bbox 1733 2803 1798 2832; x_wconf 70' lang='lat' dir='ltr'><strong>caim</strong></span> <span class='ocrx_word' id='word_1_718' title='bbox 1821 2804 1854 2833; x_wconf 75' lang='lat' dir='ltr'><strong>in.</strong></span> 
     </span>
     <span class='ocr_line' id='line_1_122' title="bbox 1013 2844 1853 2885; baseline -0.006 -7"><span class='ocrx_word' id='word_1_719' title='bbox 1013 2858 1076 2878; x_wconf 82' lang='lat' dir='ltr'><strong>eam</strong></span> <span class='ocrx_word' id='word_1_720' title='bbox 1092 2847 1225 2878; x_wconf 75' lang='lat' dir='ltr'><strong>Insulam</strong></span> <span class='ocrx_word' id='word_1_721' title='bbox 1239 2847 1417 2885; x_wconf 76' lang='lat' dir='ltr'><strong>secessisset,</strong></span> <span class='ocrx_word' id='word_1_722' title='bbox 1444 2846 1557 2876; x_wconf 79' lang='lat' dir='ltr'><strong>dicitur</strong></span> <span class='ocrx_word' id='word_1_723' title='bbox 1575 2844 1714 2874; x_wconf 70' lang='lat' dir='ltr'><strong>Tiberi-us</strong></span> <span class='ocrx_word' id='word_1_724' title='bbox 1731 2844 1853 2874; x_wconf 54' lang='grc' dir='ltr'><strong>(Ἴωσιν.-</strong></span> 
     </span>
     <span class='ocr_line' id='line_1_123' title="bbox 1014 2888 1854 2929; baseline -0.002 -9"><span class='ocrx_word' id='word_1_725' title='bbox 1014 2891 1167 2929; x_wconf 84' lang='lat' dir='ltr'><strong>additque</strong></span> <span class='ocrx_word' id='word_1_726' title='bbox 1182 2889 1274 2919; x_wconf 89' lang='lat' dir='ltr'><strong>illum</strong></span> <span class='ocrx_word' id='word_1_727' title='bbox 1297 2893 1326 2918; x_wconf 73' lang='grc' dir='ltr'><strong>ὄε</strong></span> <span class='ocrx_word' id='word_1_728' title='bbox 1349 2891 1443 2929; x_wconf 88' lang='lat' dir='ltr'><strong>plura</strong></span> <span class='ocrx_word' id='word_1_729' title='bbox 1457 2889 1628 2928; x_wconf 82' lang='lat' dir='ltr'><strong>scripsisse,</strong></span> <span class='ocrx_word' id='word_1_730' title='bbox 1653 2889 1681 2917; x_wconf 70' lang='lat' dir='ltr'><strong>s&lt;</strong></span> <span class='ocrx_word' id='word_1_731' title='bbox 1707 2889 1776 2925; x_wconf 85' lang='lat' dir='ltr'><strong>ejus</strong></span> <span class='ocrx_word' id='word_1_732' title='bbox 1791 2888 1854 2918; x_wconf 81' lang='lat' dir='ltr'><strong>dis-</strong></span> 
     </span>
     <span class='ocr_line' id='line_1_124' title="bbox 1016 2929 1856 2973; baseline -0.006 -9"><span class='ocrx_word' id='word_1_733' title='bbox 1016 2935 1143 2973; x_wconf 91' lang='lat' dir='ltr'><strong>cipulos</strong></span> <span class='ocrx_word' id='word_1_734' title='bbox 1173 2932 1275 2962; x_wconf 86' lang='lat' dir='ltr'><strong>veluti</strong></span> <span class='ocrx_word' id='word_1_735' title='bbox 1307 2943 1396 2963; x_wconf 81' lang='lat' dir='ltr'><strong>novae</strong></span> <span class='ocrx_word' id='word_1_736' title='bbox 1425 2940 1519 2963; x_wconf 81' lang='lat' dir='ltr'><strong>sectae</strong></span> <span class='ocrx_word' id='word_1_737' title='bbox 1549 2931 1690 2960; x_wconf 84' lang='lat' dir='ltr'><strong>addictos</strong></span> <span class='ocrx_word' id='word_1_738' title='bbox 1724 2929 1856 2960; x_wconf 70' lang='lat' dir='ltr'><strong>Theodo-</strong></span> 
     </span>
     <span class='ocr_line' id='line_1_125' title="bbox 1016 2972 1854 3016; baseline -0.002 -10"><span class='ocrx_word' id='word_1_739' title='bbox 1016 2987 1081 3007; x_wconf 81' lang='lat' dir='ltr'><strong>reos</strong></span> <span class='ocrx_word' id='word_1_740' title='bbox 1101 2976 1278 3016; x_wconf 84' lang='lat' dir='ltr'><strong>appellatos</strong></span> <span class='ocrx_word' id='word_1_741' title='bbox 1303 2975 1414 3016; x_wconf 88' lang='lat' dir='ltr'><strong>fuisse,</strong></span> <span class='ocrx_word' id='word_1_742' title='bbox 1437 2985 1518 3016; x_wconf 87' lang='lat' dir='ltr'><strong>quos</strong></span> <span class='ocrx_word' id='word_1_743' title='bbox 1542 2975 1626 3003; x_wconf 86' lang='lat' dir='ltr'><strong>inter</strong></span> <span class='ocrx_word' id='word_1_744' title='bbox 1645 2972 1708 3003; x_wconf 77' lang='lat' dir='ltr'><strong>fuit</strong></span> <span class='ocrx_word' id='word_1_745' title='bbox 1721 2973 1854 3004; x_wconf 78' lang='lat' dir='ltr'><strong>Herma-</strong></span> 
     </span>
    </p>
   </div>
   <div class='ocr_carea' id='block_1_14' title="bbox 1009 3030 1112 3062">
    <p class='ocr_par' dir='ltr' id='par_1_38' title="bbox 1009 3030 1112 3062">
     <span class='ocr_line' id='line_1_126' title="bbox 1009 3030 1112 3062; baseline 0 -12"><span class='ocrx_word' id='word_1_746' title='bbox 1009 3030 1112 3062; x_wconf 76' lang='lat' dir='ltr'><strong>gOTaS.</strong></span> 
     </span>
    </p>
   </div>
   <div class='ocr_carea' id='block_1_15' title="bbox 1016 3060 1860 3145">
    <p class='ocr_par' dir='ltr' id='par_1_39' title="bbox 1016 3060 1860 3145">
     <span class='ocr_line' id='line_1_127' title="bbox 1059 3060 1860 3100; baseline -0.005 -7"><span class='ocrx_word' id='word_1_747' title='bbox 1059 3063 1133 3095; x_wconf 85' lang='lat'><strong>178.</strong></span> <span class='ocrx_word' id='word_1_748' title='bbox 1168 3062 1288 3093; x_wconf 80' lang='lat' dir='ltr'><strong>Balnea</strong></span> <span class='ocrx_word' id='word_1_749' title='bbox 1303 3062 1470 3100; x_wconf 72' lang='lat' dir='ltr'><strong>sexcentis]</strong></span> <span class='ocrx_word' id='word_1_750' title='bbox 1507 3060 1699 3099; x_wconf 83' lang='lat' dir='ltr'><strong>Sumptuosi</strong></span> <span class='ocrx_word' id='word_1_751' title='bbox 1724 3060 1860 3100; x_wconf 81' lang='lat' dir='ltr'><strong>quidem</strong></span> 
     </span>
     <span class='ocr_line' id='line_1_128' title="bbox 1016 3103 1860 3145; baseline -0.008 -6"><span class='ocrx_word' id='word_1_752' title='bbox 1016 3113 1093 3139; x_wconf 88' lang='lat' dir='ltr'><strong>sunt</strong></span> <span class='ocrx_word' id='word_1_753' title='bbox 1117 3108 1152 3139; x_wconf 85' lang='lat' dir='ltr'><strong>in</strong></span> <span class='ocrx_word' id='word_1_754' title='bbox 1179 3106 1365 3139; x_wconf 69' lang='lat' dir='ltr'><strong>aedificando</strong></span> <span class='ocrx_word' id='word_1_755' title='bbox 1394 3103 1624 3145; x_wconf 81' lang='lat' dir='ltr'><strong>epulandoque</strong></span> <span class='ocrx_word' id='word_1_756' title='bbox 1655 3103 1804 3141; x_wconf 68' lang='lat' dir='ltr'><strong>Romani,</strong></span> <span class='ocrx_word' id='word_1_757' title='bbox 1828 3109 1860 3132; x_wconf 73' lang='lat' dir='ltr'><strong>at</strong></span> 
     </span>
    </p>
   </div>
  </div>
 </body>
</html>
