1948 3281
712 71 901 115 PERSII
938 70 1158 114 SATIRA
1187 71 1270 113 VI.

1768 78 1849 120 351

119 156 214 201 Diis
239 158 376 216 igitur,
410 159 630 218 Genioque
651 163 787 205 Ducis
811 174 979 204 centum
1001 162 1124 218 paria,
1157 161 1210 202 ob
1231 175 1291 202 res
1336 163 1423 204 Ergo
1452 168 1576 204 propter
1600 165 1682 196 bella
1702 168 1853 206 preclare*

118 216 294 273 Egregie
317 227 464 274 gestaS,
499 219 678 261 induco:
714 222 805 276 quis
829 223 966 262 vetat?
1010 220 1146 261 Ande.

301 275 308 282 ⁹
608 278 760 319 Oleum
783 290 1063 333 artocreasque
1087 276 1248 332 popello
1266 278 1321 317 50

983 337 1086 377 Non
1109 336 1226 387 ades),
1259 335 1320 375 in-
1336 335 1404 374 quis
1414 336 1553 374 prohibet
1568 335 1582 365 ,7
1608 339 1729 368 Αιιιὶοίο
1744 347 1851 371 vetare

117 274 213 325 Vae,
235 277 308 315 nisu
334 291 545 318 connives.

116 331 318 388 Largium
352 349 400 375 aar
429 335 647 388 prohibes?
693 336 776 377 Die
799 337 921 378 clare.

294 405 386 446 quis
407 409 415 432 :

115 446 342 489 Exossatus
366 466 458 507 ager
473 450 593 505 juxta
614 461 689 492 est.
750 453 859 508 Age,
883 451 915 492 si
940 450 1043 493 mihi
1066 450 1179 492 nulla

1335 208 1488 245 conlecta,
1526 210 1612 238 etlam
1651 216 1768 240 centum
1794 222 1853 250 pa-

1337 251 1383 278 ria
1410 250 1622 289 gladiatorum
1654 254 1851 292 Numinibus,

1337 294 1359 330 ᾁ-
1386 293 1482 321 Genio
1498 294 1662 333 Principis.
1712 299 1765 327 An
1790 297 1852 327 ali-

1338 380 1357 408 ὁ
1376 380 1481 408 lueres.
1526 382 1574 409 At
1590 390 1631 409 vae
1647 384 1717 419 tibi,
1751 385 1777 413 si
1793 393 1853 413 non

1337 422 1516 451 dissimulas.
1560 422 1710 454 Praeterea
1748 427 1849 457 distri-

1338 465 1394 494 buo
1418 464 1504 503 plebi
1529 467 1624 495 oleum
1648 469 1670 505 ς’
1685 473 1848 500 artocreas.

118 501 199 534 Num
215 510 301 537 vetas
312 506 327 536 .²
357 510 508 550 Eloquere
522 510 637 548 aperte,
678 511 752 541 Non
766 512 824 549 ita,
840 511 898 549 ais,
913 520 1006 549 prope
1022 513 1066 539 est
1083 519 1160 550 ager
1174 508 1238 539 sine
1253 507 1375 537 ossibus.
1414 508 1528 549 Perge,
1543 510 1569 538 si
1584 510 1669 540 nulla
1684 520 1763 542 nunc
1777 511 1850 542 mihi

122 711 195 732 rnus
209 703 418 737 Germaniam
433 708 450 737 ἓι
465 707 569 737 Gallia
584 712 720 746 separat,
743 706 817 736 fluit
831 706 848 735 ὲ
867 705 957 736 Rha:-

119 746 187 776 ticis
222 749 372 788 Alpibus,
406 750 485 789 rigat
523 750 691 788 Alsatiam,
727 750 957 788 Palatinatum,

117 798 208 828 agros
225 791 446 831 colonienses,
460 793 635 823 Bataviam.

163 835 215 862 48.
240 835 311 865 Diis
326 836 433 876 igitur,
459 837 523 875 ῥυ]
547 836 617 876 Ego
632 837 742 875 itaque
758 837 818 874 (ait
832 836 957 867 Persius

117 875 157 904 ad
183 877 362 914 haeredem)
391 879 509 909 ltetitiae
534 880 671 918 publicae
697 881 725 909 Sc
752 879 956 918 Imperatoris

117 920 276 950 voluntati
293 922 474 961 indulgens,
499 932 565 953 non
594 932 719 961 parcam
747 923 955 961 sumptibu33

119 961 195 1000 (nec
219 970 255 995 tu
280 965 363 994 ausis
380 967 499 995 mutire
515 964 652 1004 contra.)
698 966 781 1006 Ego,
806 967 954 1004 inquam,

115 1005 190 1035 Diis
229 1009 364 1037 victoriae
397 1011 581 1048 auspicibus
616 1015 716 1048 atque
747 1010 952 1049 auctoribus;

117 1047 272 1089 Genioque
297 1051 406 1090 Ducis,
430 1053 460 1082 id
487 1059 546 1092 est,
570 1053 772 1092 Imperatoris
798 1052 951 1093 Caligulae

115 1094 306 1132 sacrificabo,
331 1096 388 1125 διε.

161 1136 316 1177 Genioque
336 1138 449 1177 Ducis]
473 1139 531 1170 Per
553 1140 699 1170 Genium
723 1141 774 1170 sui
799 1139 954 1179 Principis

116 1181 204 1218 quasi
223 1191 278 1218 per
294 1181 427 1212 Numen
438 1184 591 1219 jurabant
607 1182 741 1213 Veteres
756 1195 763 1213 :
789 1193 825 1212 ac
840 1183 865 1212 si
882 1183 953 1222 quis

116 1223 296 1261 pejerasset,
322 1235 432 1263 peenas
459 1226 563 1256 dabat.
608 1225 702 1256 Unde
718 1226 953 1263 Tertullianus,

115 1264 217 1296 Citius
235 1277 292 1305 per
306 1278 406 1298 omnes
417 1268 512 1307 Deos,
535 1270 626 1307 qudm
644 1280 703 1308 per
717 1279 806 1299 unum
822 1269 953 1300 Genium

117 1307 248 1340 Coesoris
257 1313 429 1350 pejeratur.
474 1312 516 1341 Et
533 1314 667 1342 Sueton.
687 1323 756 1352 cap.
773 1314 827 1342 27.
852 1314 895 1342 ait
911 1312 951 1343 de

108 1351 272 1393 Caligula,
308 1354 431 1384 DIultos
465 1354 582 1385 honesti
616 1355 731 1385 ordinis
766 1355 952 1394 deformatos

106 1395 196 1433 prius
210 1397 388 1437 stigmatum
410 1399 502 1437 notis,
524 1399 566 1428 ad
590 1398 730 1437 metalla,
752 1402 806 1429 aut
830 1400 874 1428 ad
887 1399 952 1429 via-

112 1448 178 1468 rum
194 1440 386 1479 munitiones,
402 1446 456 1471 aut
473 1440 516 1470 ad
530 1441 639 1472 bestias
654 1442 878 1480 condemnat-it,
894 1447 949 1471 aut

111 1480 275 1513 bestiarum
296 1493 376 1514 more
391 1485 597 1524 quadrupedes
619 1485 712 1515 caveo
727 1486 872 1523 coercuit,
895 1489 950 1514 aut

109 1526 225 1555 medios
249 1526 335 1556 serra
361 1527 500 1558 dissecuit
512 1539 526 1564 ;
548 1538 602 1558 nec
623 1538 724 1558 omnes
746 1539 784 1558 ex
803 1528 952 1569 gravibus

112 1569 214 1597 causis
222 1579 236 1604 ,⁰
259 1570 358 1599 verum
374 1571 453 1600 male
470 1572 507 1600 de
522 1581 643 1601 munere
658 1582 710 1602 suo
730 1572 880 1611 opinatos,
903 1571 952 1601 vel

110 1611 192 1649 quod
205 1621 358 1651 nunquam
365 1623 425 1652 per
440 1614 568 1644 Genium
581 1623 666 1644 suum
681 1615 877 1655 dcjerdssent.

157 1653 286 1685 Centum
306 1657 408 1695 pario,
433 1657 556 1696 induco]
593 1658 770 1697 Duplicem
786 1659 951 1688 hecatom-

111 1695 176 1726 ben
193 1698 358 1737 expiicant
371 1700 485 1739 aliqui,
509 1700 616 1731 minus
638 1701 734 1739 bene,
758 1706 795 1731 ut
811 1702 926 1740 opinor
942 1713 949 1731 :

112 1741 228 1771 meiius
243 1741 296 1771 alii
311 1746 430 1773 centum
442 1744 534 1781 paria
560 1744 784 1784 gladiatorum,
808 1754 949 1783 quorum

109 1785 270 1824 sanguine
283 1786 451 1824 placentur
465 1787 535 1825 Dii,
549 1788 577 1817 ὅ(
593 1787 796 1827 Imperatoris
809 1787 948 1818 Genius.

109 1825 223 1857 Horat.
238 1827 290 1858 lib.
314 1829 347 1866 2,
363 1830 429 1860 Sat.
445 1831 475 1859 8.

194 1870 243 1900 Ni
255 1871 300 1900 sic
304 1871 470 1912 fecissent,
490 1874 700 1913 gladiatorum
712 1873 786 1903 dare
798 1878 915 1904 centum

193 1913 347 1944 Damnati
352 1916 466 1955 populo
475 1917 583 1956 paria,
605 1921 699 1956 atque
714 1919 840 1956 epulum.

109 1955 206 1989 Quod
219 1958 244 1987 si
264 1958 319 1988 cui
333 1959 459 1990 videtur
473 1961 593 1991 mirum
617 1960 705 2000 quod
721 1961 863 1999 privatus
877 1962 947 2001 gla-

107 1999 279 2031 diatorium
305 2011 428 2032 munus
456 2004 618 2039 exhibeat,
644 2004 829 2033 meminerit
857 2005 945 2042 quod

109 2042 203 2072 refert
219 2043 395 2074 Suetonius
411 2056 482 2085 cap.
498 2048 552 2078 47.
595 2045 759 2086 Scripsisse
774 2047 818 2076 ad
834 2057 945 2085 procu-

105 2089 223 2115 ratores
235 2096 304 2115 suos
321 2086 511 2128 Caligulam,
533 2094 568 2120 ut
584 2091 676 2129 qudm
692 2090 817 2119 minima
829 2090 945 2120 summd

105 2128 130 2165 ἐς
142 2128 289 2167 impensa,
308 2130 491 2170 triumphum
506 2137 605 2163 tamen
621 2134 711 2172 qudm
721 2136 846 2172 possent
858 2143 946 2175 mag-

104 2170 361 2208 nificentissimum
386 2180 586 2214 appararent,
609 2178 631 2213 ᾅ·
646 2179 779 2215 quantus
792 2185 946 2215 nunquam

104 2213 336 2252 atiusfzdsset;
357 2219 479 2254 quando
494 2218 527 2248 in
550 2219 681 2248 onmium
705 2218 853 2248 hominum
870 2220 946 2250 bona

95 2256 154 2296 jus
182 2257 336 2288 haberent.
392 2260 490 2301 Ergo,
516 2263 604 2300 quod
633 2262 703 2291 vult
734 2261 946 2293 Casaubonus

105 2301 181 2330 satis
194 2303 274 2332 veris
288 2302 390 2332 simile
403 2309 461 2342 est,
477 2304 550 2334 data
560 2304 680 2345 nempe
691 2305 727 2334 ea
742 2310 898 2342 potestate
912 2307 945 2336 in

104 2342 276 2375 facultates
304 2346 436 2385 civium,
474 2354 600 2378 coactos
637 2348 775 2387 privatos
811 2348 852 2377 de
884 2359 945 2379 suo

103 2395 273 2427 quemque
300 2396 450 2428 sumptus
479 2391 508 2420 &
530 2392 692 2430 impensas
718 2391 758 2421 ad
785 2391 945 2431 triumphi

103 2438 261 2469 pompam
285 2432 441 2471 conferre,
466 2435 494 2463 <Sc
524 2434 710 2465 contulisse.
758 2433 857 2468 Quod
882 2445 943 2466 res·

101 2472 182 2511 picit
196 2474 257 2503 hoc
273 2475 344 2504 loco
361 2475 493 2507 Persius.

147 2514 195 2545 oh
210 2527 258 2547 res
272 2518 395 2558 egregie
404 2519 526 2559 gestas]
561 2519 615 2550 Ob
632 2521 791 2562 insignem
808 2520 941 2554 Germa-

101 2566 219 2589 norum
244 2561 382 2599 cladem,
406 2563 434 2591 ἀ
462 2568 586 2602 partam
613 2563 779 2595 felicitera
795 2564 943 2604 Caligula

100 2599 143 2629 de
159 2601 303 2634 hostibus
317 2605 492 2635 victoriam.
541 2605 676 2645 ironice,
697 2612 735 2636 ut
751 2606 856 2645 supra.

145 2645 200 2674 49.
226 2644 301 2678 Quis
315 2647 428 2677 vetat?
452 2648 556 2687 Aude]
581 2648 671 2679 Num
686 2651 766 2680 ausis
780 2649 940 2690 refragari,

100 2686 122 2716 ὁ
135 2686 248 2725 haeres,
274 2690 302 2718 ἃ
318 2689 476 2721 deterrere
493 2701 545 2720 me
560 2691 577 2721 a
593 2693 726 2723 consilio
743 2693 830 2732 quod
843 2693 939 2732 cepi?

145 2731 196 2759 50.
231 2731 296 2769 Voe,
319 2732 379 2762 nisi
406 2734 563 2773 connives]
584 2734 757 2776 impendet
789 2736 848 2766 tibi
872 2746 940 2767 ma-

99 2771 184 2810 lum,
206 2774 233 2803 si
247 2773 329 2804 forte
343 2785 411 2806 non
435 2777 627 2816 assentiaris,
650 2785 708 2809 aut
721 2779 835 2809 saltem
851 2778 939 2809 dissi-

99 2815 222 2846 mules:
247 2826 323 2847 nam
337 2818 387 2847 vel
400 2819 631 2860 Imperatorem
647 2821 812 2852 infensum
836 2824 866 2852 8ο
890 2822 940 2852 ul-

100 2863 201 2888 torem
215 2860 409 2899 nanciscere,
434 2864 483 2893 vel
510 2873 562 2893 me
590 2864 723 2903 iratum,
748 2867 777 2895 Sc
803 2866 939 2904 majores

98 2899 174 2930 inde
188 2911 339 2942 sumptus
354 2903 542 2944 facientem,
560 2912 599 2936 ut
618 2908 831 2947 cupiditatem
847 2913 940 2939 tuam

99 2943 128 2972 a
145 2945 311 2975 avaritiam
326 2946 526 2979 discruciem.
571 2950 674 2980 Paulo
688 2951 761 2989 post
774 2962 781 2980 z

311 2988 406 3019 Nunc
419 3000 500 3021 nunc
514 2992 676 3032 impensius
689 3003 784 3035 unge,

188 3027 289 3071 Unge,
306 3041 398 3073 puer,
419 3034 533 3065 caules.

1050 705 1114 744 Voe]
1140 706 1295 737 Formula
1323 708 1407 737 male
1435 707 1599 746 precandi,
1624 707 1709 738 idern
1735 708 1845 741 valens

1001 759 1038 780 ac
1055 750 1079 779 si
1098 751 1171 789 quis
1188 751 1336 781 mittatur
1352 752 1386 781 in
1403 751 1521 781 malain
1538 761 1680 781 crucem.

1047 793 1212 832 Connives]
1237 793 1307 824 Cic.
1337 803 1394 832 pro
1418 793 1537 824 Caelio:
1574 794 1631 824 Dii
1659 795 1844 827 immortales

1001 846 1053 865 cur
1081 837 1233 865 interdum
1257 838 1422 867 muniz-etis
1447 837 1478 865 in
1506 836 1656 866 hominum
1683 838 1843 870 sceleribus

1001 879 1143 908 maximis
1156 879 1171 908 .2
1205 880 1239 909 Id
1256 886 1313 918 est,
1337 881 1453 910 clausis
1470 880 1562 920 quasi
1586 881 1685 911 oculis
1702 891 1770 911 non
1792 884 1841 914 vi-

1000 922 1075 951 dere
1091 922 1257 953 videmini.

1046 965 1154 995 Oleum
1176 970 1389 1005 artocreasque
1411 968 1530 1004 popello
1555 965 1691 1009 largior]
1715 967 1841 1008 Populo

997 1008 1130 1048 insuper
1147 1009 1284 1049 epulum
1303 1010 1331 1038 St
1355 1009 1555 1048 congiarium
1578 1010 1674 1047 dabo,
1698 1011 1738 1041 ad
1755 1013 1840 1054 cele-

997 1051 1176 1082 brationem
1199 1052 1347 1082 victorie.
1393 1051 1486 1082 Licet
1514 1053 1576 1083 hoc
1602 1054 1702 1084 soleat
1729 1064 1797 1086 non
1821 1058 1840 1088 ὲ

996 1096 1131 1133 privatis
1152 1096 1207 1125 sed
1235 1096 1273 1125 ab
1300 1096 1548 1134 Imperatoribus
1575 1096 1653 1126 fieri.
1701 1098 1839 1131 Sueton.

996 1137 1065 1169 Jul.
1084 1139 1165 1168 Cres.
1181 1148 1253 1177 cap.
1268 1139 1320 1167 38.
1343 1138 1477 1177 Epulum
1489 1149 1526 1168 ac
1539 1139 1766 1171 viscerationem
1788 1143 1841 1174 de-

997 1181 1056 1219 dit,
1078 1183 1100 1219 ‘3-
1110 1185 1182 1221 post
1198 1182 1430 1221 Hispaniensem
1445 1182 1604 1212 victoriam
1618 1183 1678 1212 duo
1687 1186 1835 1223 prandia.

997 1223 1040 1254 Et
1069 1224 1248 1256 Domitian.
1276 1235 1347 1264 cap.
1363 1225 1394 1255 4.
1426 1224 1627 1266 Congiarium
1647 1227 1763 1266 populo
1792 1232 1840 1258 ter

997 1267 1093 1305 dedit,
1132 1271 1224 1306 atque
1260 1267 1465 1308 largissimum
1511 1269 1652 1308 epulum.-
1696 1269 1839 1311 Senatui,

995 1309 1165 1349 Equitique
1174 1311 1327 1350 panai-iis,
1345 1311 1431 1350 plebi
1449 1311 1604 1352 sportellis
1627 1322 1695 1343 cum
1716 1314 1838 1345 obsonio

994 1353 1176 1384 distributis.

1036 1397 1215 1438 Artocreas]
1239 1397 1318 1427 Vox
1334 1397 1350 1427 ὲ
1365 1398 1486 1436 duplici
1502 1397 1597 1438 facta,
1622 1397 1724 1440 ἅςτθ·
1745 1401 1836 1433 enim

986 1441 1092 1479 panis,
1114 1439 1198 1481 κρέας
1213 1450 1284 1471 caro
1298 1452 1307 1468 :
1332 1441 1488 1480 significat
1509 1442 1618 1472 cibum
1635 1442 1653 1471 ὲ
1669 1452 1753 1482 pane
1769 1454 1836 1475 car-

993 1492 1104 1522 neque
1120 1484 1309 1514 minutatim
1325 1483 1459 1514 concisa.
1506 1485 1573 1515 Alii
1588 1486 1835 1519 viscerationem

994 1526 1245 1567 interpretantur
1257 1527 1320 1557 hoc
1335 1526 1418 1557 loen.

1039 1571 1088 1600 51.
1115 1571 1166 1600 An
1178 1569 1318 1609 prohibes
1331 1569 1362 1609 2]
1385 1571 1533 1601 Vetasne
1545 1571 1637 1603 istam
1653 1583 1760 1606 meam
1775 1575 1834 1606 lar-

995 1612 1170 1652 gitionem?
1207 1613 1271 1643 Dic
1295 1613 1401 1643 clare.-
1436 1614 1515 1654 quid
1550 1616 1695 1646 mussas?
1727 1619 1831 1658 Aperi

994 1662 1141 1686 mentem
1159 1658 1188 1687 Sc
1204 1657 1305 1687 animi
1320 1657 1369 1686 tui
1383 1658 1576 1688 sententiam
1593 1659 1632 1689 de
1647 1669 1711 1690 me.

1034 1699 1108 1729 Non
1119 1700 1207 1738 adeo,
1229 1700 1342 1738 inquis,
1369 1700 1437 1740 ciffi]
1461 1700 1537 1731 Non
1563 1702 1643 1732 adeo
1666 1703 1777 1734 fertilis
1801 1707 1834 1736 <Sc

992 1743 1122 1782 opimus
1137 1749 1184 1773 est
1197 1743 1317 1773 fundus
1329 1749 1418 1781 tum,
1431 1752 1469 1774 ut
1480 1744 1672 1775 haereditatis
1686 1751 1750 1777 tuae
1765 1749 1832 1778 avi-

991 1786 1052 1816 dus
1067 1786 1141 1824 sim,
1165 1787 1193 1816 ἀ
1210 1790 1317 1816 vetare
1332 1786 1430 1817 velim
1455 1787 1537 1826 quin
1562 1789 1686 1827 prorsus
1713 1790 1749 1820 in
1772 1791 1820 1821 lar

991 1830 1128 1868 gitiones
1143 1828 1300 1859 effundas.
1345 1829 1424 1868 Vel,
1439 1839 1508 1861 non
1523 1830 1570 1860 ita
1584 1831 1670 1863 dives
1683 1842 1716 1863 es
1730 1837 1768 1863 ut
1781 1834 1832 1866 his

991 1872 1137 1903 sufficere
1163 1872 1273 1911 possis.
1320 1871 1390 1902 Alii
1423 1883 1556 1903 sensum
1583 1880 1733 1914 separant
1768 1877 1832 1909 hoc

992 1916 1110 1946 modo:
1137 1925 1202 1945 non
1218 1915 1298 1945 adeo
1311 1920 1374 1945 tuae
1387 1915 1550 1956 largitioni
1560 1917 1730 1958 adversor3
1754 1929 1833 1961 sup-

988 1959 1071 1997 petit
1087 1959 1190 1996 enim‚
1212 1958 1301 1988 haud
1322 1959 1446 1998 procul,
1470 1959 1553 1990 mihi
1565 1961 1640 1991 satis
1657 1961 1831 1995 foecundus

987 2011 1062 2042 ager
1088 2011 1155 2041 quo
1183 2010 1243 2041 ego
1269 2006 1444 2032 contentus
1471 2012 1559 2041 sum,
1582 2004 1693 2044 inquit
1718 2006 1828 2039 haeres.

989 2045 1075 2075 Sunt
1087 2045 1143 2084 qui
1158 2045 1292 2074 verbum
1301 2044 1381 2083 juris
1394 2045 1449 2076 hic
1461 2047 1634 2086 accipiant,
1643 2048 1706 2078 hoc
1719 2059 1828 2082 sensu.

987 2098 1046 2117 non
1062 2089 1151 2126 adeo,
1174 2097 1284 2127 neque
1297 2087 1384 2118 adire
1399 2089 1473 2119 volo
1489 2089 1709 2122 haereditatem
1725 2099 1829 2126 tuam.

990 2131 1066 2164 Quo
1093 2131 1251 2171 designari
1275 2132 1394 2161 volunt
1419 2136 1613 2164 extraneum
1639 2144 1707 2164 esse
1734 2135 1830 2169 illum

990 2175 1087 2205 Persii
1111 2174 1287 2211 haeredem,
1321 2184 1389 2204 non
1411 2181 1522 2206 autern
1556 2179 1773 2210 necessarium
1799 2181 1830 2211 ἀ

989 2228 1100 2255 suum,
1115 2227 1158 2248 ex
1174 2218 1317 2248 Institut.
1333 2218 1457 2249 Justin.
1473 2219 1527 2249 lib.
1541 2220 1573 2250 2.
1591 2220 1640 2250 tit.
1661 2221 1710 2252 19.
1737 2222 1829 2254 Doc-

989 2265 1021 2291 ta
1035 2261 1167 2300 quidem
1185 2262 1214 2290 δε
1229 2261 1353 2291 subtilis
1367 2261 1598 2302 interpretatio,
1621 2264 1735 2295 verum
1760 2276 1829 2297 ma-

989 2305 1077 2344 gisne
1101 2303 1268 2344 genuina?
1307 2304 1393 2335 Mihi
1420 2307 1504 2344 prior
1529 2307 1688 2338 sententia
1716 2309 1829 2348 praefe-

988 2351 1087 2378 ratur.

1032 2392 1085 2421 52.
1123 2389 1297 2420 Exossatus
1320 2391 1412 2431 ager]
1450 2391 1587 2432 Duplici
1616 2394 1644 2423 &
1671 2396 1829 2428 contrario

985 2444 1082 2465 sensu
1097 2440 1204 2473 potest
1218 2434 1335 2473 accipi,
1360 2436 1410 2465 vel
1427 2436 1607 2466 exhaustus
1623 2438 1651 2467 ἃ
1671 2438 1740 2477 jam
1761 2440 1831 2471 sine

985 2487 1082 2508 succo
1112 2479 1141 2507 &
1166 2477 1331 2506 bonitate:
1355 2477 1402 2507 Ita
1431 2480 1549 2518 passim
1573 2480 1660 2519 apud
1675 2481 1829 2514 Plautum

985 2530 1125 2552 exossare
1154 2520 1289 2559 ponitur
1316 2529 1375 2559 pro
1403 2531 1564 2561 enervare,
1590 2525 1829 2566 comminuere,

985 2564 1162 2594 debilitare·
1207 2562 1285 2601 Vel,
1308 2572 1385 2603 ager
1410 2570 1581 2605 ezossatus,
1605 2566 1692 2597 idem
1717 2574 1765 2599 est
1792 2580 1829 2600 ac

984 2607 1146 2646 lapidibus
1160 2611 1374 2645 expurgatus,
1396 2609 1544 2649 adeoque
1560 2609 1690 2649 opimus
1707 2613 1831 2643 &bene

986 2651 1107 2681 cultus.
1152 2648 1248 2678 Ovid.
1266 2649 1523 2690 Metamorphos.
1540 2653 1568 2683 1.

1069 2708 1157 2718 -—-
1361 2694 1497 2734 Lapides
1510 2696 1543 2726 in
1558 2706 1681 2736 corpore
1697 2702 1785 2728 terrae

1071 2737 1148 2766 Ossa
1165 2748 1232 2767 reor
1245 2739 1316 2769 dici.

1025 2779 1127 2809 Juxta
1141 2781 1202 2820 est]
1226 2781 1330 2821 Prope
1354 2782 1469 2813 urbem
1492 2783 1526 2813 in
1551 2783 1739 2815 suburbano
1755 2784 1826 2815 loco

982 2822 1072 2861 situs,
1095 2823 1124 2852 <32
1141 2823 1218 2854 hinc
1234 2825 1334 2863 pluris
1351 2826 1567 2858 aestimandus.

1025 2867 1109 2906 Age,
1132 2867 1158 2894 si
1173 2867 1248 2897 mihi
1262 2868 1365 2907 nulla]
1401 2869 1512 2900 Verba
1538 2870 1635 2900 Persii
1660 2870 1699 2899 ad
1726 2870 1826 2901 haere-

983 2907 1058 2938 dem
1086 2909 1182 2940 illum
1207 2911 1366 2942 irritatum
1390 2912 1505 2951 verbis,
1529 2914 1557 2943 ἀ
1572 2913 1663 2951 quasi
1681 2914 1751 2951 jam
1767 2924 1827 2945 ex-

983 2952 1244 2984 candescentem.
1290 2955 1376 2995 Age,
1400 2956 1522 2995 inquit,
1545 2955 1701 2994 deuecta,
1726 2957 1755 2986 ἇς
1783 2967 1827 2988 ne

985 2995 1037 3024 adi
1060 2995 1304 3029 haereditatem:
1330 2997 1401 3037 Ego
1426 2998 1510 3028 certe
1536 3007 1603 3028 non
1622 2998 1826 3031 reformidem

985 3047 1089 3081 genus
1103 3038 1184 3070 iilud
1201 3040 1342 3073 infamiae
1359 3041 1445 3082 apud
1459 3041 1621 3072 Romanos
1634 3042 1742 3074 timeri
1756 3043 1827 3074 soli-
