1948 3281
108 108 194 149 300
693 100 882 142 PERSII
914 96 1134 142 SATIRA
1165 97 1251 140 111.

102 199 218 229 cervice
253 193 393 234 incurvo,
428 195 451 233 «3
477 190 812 246 habentesObstipo
835 190 983 245 capite,
1009 189 1049 229 &
1071 188 1241 245 figentes
1262 188 1421 230 lumine
1443 197 1606 241 terram,

103 238 477 324 ZZZJSJ‘l-'ZZTJZZZSE'S
499 237 622 310 32⁴,ssssssss
634 250 857 290 Murmura
878 248 977 288 cum
1002 261 1143 287 secum
1169 246 1209 286 Sc
1229 245 1385 287 rabiosa
1407 247 1566 288 silentia
1588 246 1754 298 rodunt,

105 338 244 358 susurros
259 329 282 365 es·
305 325 549 355 taciturnitatem
572 333 621 351 ra·
634 307 776 361 Atque
798 314 1035 359 exporrecto
1058 304 1308 344 trutinantur
1329 304 1447 345 verba
1466 304 1627 356 labello,

105 372 221 409 hidam,
249 372 272 408 ⁴55
288 370 463 408 expendunt
478 362 800 419 2'0068la·AEgroti
825 363 967 404 veteris
989 361 1236 403 meditantes
1260 360 1452 402 somnia:
1485 362 1600 419 gigni

104 415 339 496 ξζζξῖῖζζὲοΐέξῇῗ
354 413 563 492 αζζῖῑζῖζξῃΐῗ
577 417 620 490 ”g
634 422 702 462 De
725 420 854 461 nihilo
873 419 994 472 nihil,
1017 419 1060 461 in
1083 419 1262 460 nihilum
1285 418 1343 460 nil
1367 433 1487 474 posse
1509 421 1666 463 reverti.

104 500 184 530 nihil
197 499 342 541 generari
357 509 394 527 ex
408 495 520 525 nz‘lzilo:
545 494 623 523 mm
637 479 733 519 Hoc
757 487 817 518 est
838 479 950 533 quod
974 477 1096 533 palles
1116 478 1129 519 ?
1167 476 1256 519 Cur
1277 476 1368 533 quis
1397 491 1484 518 non
1513 479 1718 532 prandeat,
1750 480 1831 522 hoc

100 554 190 583 posse
213 544 310 573 redire
329 542 361 570 in
384 539 522 568 nihilum.
566 538 623 567 An
867 537 958 577 est?
1777 540 1828 580 85

110 588 116 593 .
397 583 404 597 1
425 593 435 597 ,
685 593 692 600 .
961 593 968 599 .

103 587 186 660 {eij}
200 585 483 663 εἶξὲῖιζίἷζιῖἷιοέξίῗ
497 585 623 663 3Ζὲζὲ
638 595 716 635 His
740 593 916 658 populus
941 594 1042 634 ndet
1061 608 1071 634 ε
1105 592 1372 657 multumque
1394 603 1530 634 torosa
1543 592 1740 648 juventus

105 674 186 712 quod
205 671 317 711 aliquis
350 679 407 698 non
440 665 622 706 prandeat!
638 653 874 708 Ingeminat
896 651 1094 692 tremulos
1117 666 1219 692 naso
1238 660 1440 706 crispante
1464 651 1710 694 cachinnos.

104 716 157 745 Ad
170 716 230 744 hoec
247 714 331 753 plebs
348 713 378 741 ²7²>
390 710 551 740 0‘10'12'712208
565 711 623 739 ⁵⁰2·
637 709 817 765 Inspice,
842 709 983 750 nescio
1005 709 1105 765 quid
1128 709 1299 764 trepidat
1322 709 1426 750 mihi
1449 719 1608 764 pectus,
1634 711 1673 752 ὃς
1694 711 1812 767 aegris

102 754 625 840 ἱζῇἶῖζφῖἓζέξε’ζῗῖἔξωζῖἔῖζζῗζζ
639 767 843 809 Faucibus
865 777 1078 822 exsuperat
1099 767 1230 824 gravis
1253 767 1402 808 halitus
1422 784 1432 807 ε
1467 767 1622 822 inspice
1645 770 1789 822 sodes3

102 846 225 874 naribus
239 843 369 883 rugatis.
416 841 476 874 Qui
489 841 535 869 ait
552 839 675 869 IlIedico
685 848 699 873 ,·
721 837 850 876 intuere,
862 837 1032 875 considera,
1044 847 1162 876 quaeso:
1187 837 1284 866 nescio
1296 846 1349 866 cur
1358 836 1496 875 palpitat
1510 836 1583 867 milri
1597 847 1659 878 cor,
1672 841 1695 878 ξς
1708 840 1835 879 spiratio

98 889 280 928 grat-eolens
295 887 311 915 e*
323 889 454 926 gutture
464 883 545 913 male
561 882 675 921 affecto
688 891 716 910 ea
724 881 749 911 it
765 880 970 910 abundanter:

1772 188 1829 234 80

100 1059 315 1090 Academiam
334 1058 508 1088 celebrasse
524 1056 650 1093 dicitur,
668 1056 696 1086 ἃ
713 1060 822 1084 contra
841 1053 950 1084 Zeno-

104 1114 194 1141 nem,
213 1104 253 1132 (le
263 1103 414 1132 omnibus
427 1099 644 1130 dubitandum
660 1098 841 1127 affirmasse.
866 1097 952 1127 Hinc

100 1147 254 1176 nonnulli
277 1145 453 1176 Arcesilam
477 1144 532 1173 hic
550 1152 610 1181 prae
628 1142 696 1171 aliis
721 1141 893 1178 nominari,
921 1142 953 1171 ἃ

100 1190 195 1219 tacite:
218 1190 359 1219 vellicari
383 1189 475 1217 aiunt
491 1188 507 1216 a
525 1186 638 1223 Persio,
664 1185 722 1224 qui
746 1184 861 1213 Stoicae
889 1191 954 1214 erat

98 1241 190 1262 sectae
203 1233 357 1262 addictus.
402 1231 493 1261 Tull.
506 1230 540 1259 in
555 1227 791 1261 Quaest.Acad.
815 1225 954 1257 Philoso-

93 1275 177 1314 phioe
204 1286 333 1313 eversor,
363 1273 544 1309 Lactantio,
570 1273 625 1301 lib.
642 1272 672 1300 3.
695 1281 765 1309 cap.
785 1273 813 1299 5.
861 1270 954 1310 Igno-

98 1320 209 1349 rmztz'oe
235 1319 384 1359 magister
412 1315 569 1346 Arcesilas
592 1320 745 1353 vocatio-3
779 1313 854 1343 sane
879 1315 955 1352 quia

102 1363 186 1392 nihil
203 1363 340 1392 omnino
357 1361 427 1391 sciri
443 1360 630 1390 affirmabat.

145 1405 381 1444 AErumnosique
396 1402 533 1441 Solones]
550 1402 717 1441 Sapientes
730 1406 823 1431 vocat
839 1411 954 1430 aerum-

103 1458 211 1488 nosos,
235 1450 312 1488 quia
327 1458 395 1478 non
412 1448 473 1477 nisi
490 1456 544 1486 per
567 1446 687 1475 multos
709 1445 832 1475 labores
847 1445 955 1483 acqui-

102 1493 181 1522 ritur
195 1492 363 1531 sapientia.
410 1491 505 1520 Porro
529 1489 630 1519 Solon
658 1498 744 1518 unus
759 1494 824 1517 erat
847 1489 862 1516 ὸ
887 1497 957 1526 sep-

105 1542 172 1566 tem
190 1536 321 1565 Graeciae
346 1534 558 1573 sapientibus,
583 1532 611 1561 Sc
636 1532 893 1561 Atheniensium
910 1531 955 1560 le-

103 1579 244 1619 gislator,
273 1579 313 1608 de
337 1588 404 1617 quo
428 1577 496 1606 fuse
521 1575 722 1613 Plutarchus,
748 1575 904 1612 Laertius,
928 1575 956 1603 δε

104 1623 168 1652 alii.

148 1666 199 1696 80.
227 1665 354 1705 Obstipo
369 1663 484 1702 capite,
508 1664 530 1701 έΞς
545 1662 681 1703 figentes
705 1661 818 1690 lumine
833 1660 958 1699 terram]

103 1709 186 1740 Haec
210 1709 299 1748 signa
326 1714 404 1738 sunt
430 1707 571 1736 hominis
592 1704 815 1744 cogitabundi,
841 1705 867 1732 ἃ·
886 1714 958 1743 pro-

101 1752 205 1783 funda
223 1752 362 1790 quadam
382 1750 592 1780 meditatione
606 1748 714 1778 defixi.

147 1796 295 1836 Figentes
318 1795 430 1824 lumine
455 1792 583 1831 terram]
608 1791 804 1831 Hypallage‚
820 1799 888 1827 pro,
904 1790 957 1820 de-

103 1839 237 1879 figentes
254 1844 340 1868 terrae
357 1837 495 1868 lumina.
542 1834 640 1868 Quod
656 1834 760 1864 facere
777 1834 793 1862 a
810 1833 956 1873 Paedago-

105 1884 150 1922 gis
163 1882 375 1919 jubebantur,
402 1886 440 1910 ut
457 1879 618 1909 modestiae
635 1879 733 1907 simul
751 1878 779 1907 δι
797 1876 957 1906 meditati-

105 1927 162 1956 oni
176 1932 395 1955 assuescerent
411 1924 546 1953 studiosi
559 1923 708 1960 juvenes.

150 1969 203 1998 81.
242 1968 379 1998 Ratiosa
405 1967 530 1996 silentia
556 1964 681 2003 rodunt]
715 1964 860 1994 Fortasse
883 1963 960 2002 quia

107 2013 206 2042 rabidi
232 2022 326 2041 canes
356 2020 422 2040 non
450 2010 588 2039 latrant:
615 2008 664 2037 vel
682 2008 786 2047 potius
810 2007 898 2045 quia,
922 2012 960 2036 ut

105 2056 206 2086 habet
221 2055 459 2089 Quintilianus,
478 2053 529 2082 lib.
560 2053 609 2081 10.
631 2061 702 2089 cap.
728 2051 757 2080 3.
776 2050 821 2079 illi
838 2051 896 2089 qui
912 2055 958 2079 at-

105 2099 196 2129 tente
214 2098 380 2138 quidpiam
398 2097 554 2135 cogitant,
567 2094 652 2133 saepe
667 2095 764 2124 etiam
778 2102 889 2122 secum
905 2093 961 2122 ob-

106 2142 341 2172 murmurando
371 2139 602 2178 cogitationem
634 2138 766 2176 agitant.
811 2135 907 2165 Unde
936 2136 961 2165 si

107 2185 182 2224 quis
203 2185 243 2214 de
266 2185 362 2224 plebe
390 2192 443 2212 eos
462 2189 533 2212 tum
550 2180 803 2219 contempletur,
826 2178 961 2208 furiosos

108 2229 210 2258 veluti
226 2228 401 2258 existimet.

152 2272 205 2301 82.
228 2272 333 2309 Atque
359 2272 536 2309 exporrecto
567 2266 769 2304 trutinantur,
800 2264 866 2304 ᾁε]
906 2264 960 2296 Fit

110 2315 231 2344 scilicet
244 2323 393 2344 murmur
410 2312 615 2342 motitatione
630 2310 799 2346 labiorum,
817 2316 853 2338 ut
870 2309 958 2339 vide-

111 2365 208 2388 antur
221 2358 315 2387 verba
331 2356 457 2396 singula
473 2354 634 2394 pensitari.

155 2402 207 2430 83.
234 2400 361 2440 AEgroti
371 2399 480 2429 veteris
490 2398 674 2427 meditantes
686 2392 817 2435 somnia]
835 2395 885 2425 Sic
902 2406 958 2434 per

113 2450 340 2483 contemptum
363 2449 452 2472 vocat
469 2441 587 2481 placita
603 2438 838 2478 philosophica.
877 2439 957 2469 Lac-

113 2488 236 2517 tantius
252 2498 293 2516 ex
310 2492 418 2516 vetere
434 2486 530 2515 Poeta
545 2484 589 2513 sic
604 2483 719 2512 habet:
759 2480 843 2514 Quid
857 2492 954 2522 oegro-

113 2532 163 2558 tus
177 2539 311 2568 unquam
330 2528 505 2567 somniavit,
527 2527 608 2567 quod
626 2524 874 2563 Philosophorum
901 2525 960 2555 ali-

116 2572 184 2611 quis
200 2582 257 2601 71021
277 2571 416 2602 dixerit?
628 2570 630 2573 ’

160 2615 258 2655 Gigm·
284 2617 319 2644 (le
348 2615 443 2645 nihilo
472 2613 560 2651 nihil,
589 2612 655 2651 esc]
690 2611 871 2642 Christiana
900 2611 960 2642 fide

114 2664 240 2688 constat
257 2660 367 2688 Deum
383 2659 463 2697 Opt.
478 2658 571 2688 Max.
589 2657 628 2686 de
648 2655 751 2685 nihilo
769 2656 879 2684 onmia
895 2665 960 2685 cre-

114 2701 195 2740 asse,
212 2707 244 2730 at
258 2703 440 2730 communis
457 2702 568 2740 opinio
591 2699 655 2729 fuit
680 2703 828 2728 veterum
852 2698 961 2728 Philo-

114 2746 305 2784 sophorum,
323 2754 364 2773 ex
388 2745 490 2773 nihi30
516 2743 596 2773 nihil
620 2742 708 2781 fieri,
732 2743 761 2771 ἅτ
784 2751 851 2771 non
867 2751 961 2781 posse

115 2788 146 2817 id
161 2788 250 2827 quod
267 2793 313 2817 est
329 2787 363 2816 in
380 2787 523 2816 nihilum
540 2786 637 2816 abire.

116 2831 290 2861 Lucretius
307 2830 362 2859 lib.
382 2832 410 2858 1.

154 2875 214 2904 Nil
230 2875 329 2915 igitur
333 2872 408 2910 fieri
422 2872 458 2902 de
472 2871 564 2900 nihilo
575 2882 664 2911 posse
673 2871 845 2911 putandum
861 2875 918 2910 est,

154 2919 274 2947 semine
289 2916 411 2956 quando
427 2925 500 2954 opus
514 2918 558 2943 est
576 2916 677 2952 rebus,
694 2917 754 2945 dee.

156 2962 208 2990 85.
232 2962 300 2990 Hoc
315 2963 360 2989 est
377 2959 458 2997 quod
470 2959 570 2997 palles
583 2957 618 2998 ἒ]
658 2959 784 2988 Scilicet
802 2958 959 2997 pallorem

112 3005 318 3041 contrahis,&
332 3009 364 3032 te
373 3002 544 3032 discrucias
555 3005 683 3039 propter
691 3002 848 3038 ejusmodi
859 3011 960 3039 nugas

111 3048 140 3076 a
157 3047 289 3076 deliria?
312 3046 372 3083 Te,
390 3046 538 3084 inquam,
556 3042 661 3073 inedia
675 3044 818 3081 conficis,
834 3050 872 3075 ut
892 3044 958 3073 De-

110 3091 252 3127 mocriti,
266 3090 410 3128 Epicuri,
421 3087 594 3127 Diogenis,
604 3086 644 3115 de
657 3087 822 3124 principiis
837 3096 957 3123 rerum,

106 3142 202 3163 vanas
219 3132 470 3172 disceptationes
487 3132 516 3162 δε
533 3129 764 3161 controversias
789 3129 929 3168 integres
943 3129 956 3158 ?

995 1052 1025 1082 O
1058 1060 1088 1083 te
1122 1052 1295 1084 insanum!
1321 1054 1428 1093 inquit
1458 1055 1511 1084 ille
1541 1055 1696 1086 Centurio
1726 1058 1833 1089 hirco-

994 1105 1058 1126 sus.

1041 1138 1105 1170 Cur
1120 1141 1186 1179 quis
1199 1151 1257 1170 non
1269 1140 1437 1180 prandeat]
1451 1141 1611 1181 Adeoque
1623 1143 1724 1173 semel
1738 1144 1770 1173 in
1786 1145 1839 1175 die

996 1183 1106 1214 cibum
1124 1185 1239 1224 capiat.
1263 1185 1354 1214 Tull.
1373 1184 1640 1217 Quaest.Tuseu1.
1657 1187 1687 1215 5.
1726 1187 1839 1218 IlIente

999 1227 1079 1255 recte
1096 1227 1143 1256 uti
1158 1238 1217 1257 non
1228 1238 1385 1267 possumus
1399 1230 1490 1257 multo
1503 1228 1567 1257 cibo
1577 1231 1600 1267 §5
1615 1229 1741 1268 potione
1756 1240 1838 1260 com-

994 1269 1085 1307 pleti.
1121 1271 1208 1301 Hinc
1222 1272 1356 1302 studiosi
1370 1272 1417 1301 illi
1429 1278 1551 1301 veteres
1560 1274 1729 1302 sobrietate
1744 1284 1840 1304 acue-

1001 1314 1077 1343 bant
1092 1315 1275 1354 ingenium,
1292 1321 1329 1345 ut
1344 1316 1383 1345 ad
1397 1315 1621 1346 meditationes
1637 1316 1838 1357 Philosophi-

998 1366 1049 1386 cas
1064 1358 1202 1396 aptiores
1218 1364 1334 1388 essent.

999 1399 1115 1431 Horat.
1131 1402 1183 1432 lib.
1203 1403 1234 1431 2.
1249 1403 1351 1432 Serm.
1368 1404 1431 1432 Sat.
1444 1401 1474 1431 3.

1044 1443 1211 1483 Postquam
1224 1450 1270 1474 est
1283 1446 1429 1483 impransi
1440 1448 1592 1483 correptus
1607 1455 1676 1476 voce
1687 1446 1842 1487 magistri.

1000 1485 1085 1515 Vide
1111 1488 1209 1518 Alex.
1239 1489 1279 1518 ab
1306 1489 1397 1518 Alex
1433 1488 1486 1517 lib.
1515 1490 1547 1518 5.
1574 1498 1643 1528 cap.
1670 1490 1724 1519 21.
1755 1489 1840 1520 Coel.

1002 1529 1138 1570 Rhodig.
1155 1532 1209 1561 lib.
1222 1533 1275 1562 27.
1292 1541 1362 1570 cap.
1380 1534 1434 1562 24.

1047 1573 1098 1603 86.
1122 1574 1182 1604 His
1200 1574 1332 1614 populus
1352 1575 1448 1613 ridet]
1482 1574 1549 1605 Alii
1570 1575 1698 1614 legunt,
1722 1575 1785 1611 hos,
1810 1576 1842 1606 id

1003 1622 1063 1651 est,
1077 1617 1299 1656 Philosophos.
1323 1618 1403 1656 Alii,
1421 1618 1495 1647 hoc:
1521 1618 1588 1647 Alii
1606 1619 1634 1647 &
1650 1619 1778 1656 melitis,
1796 1619 1842 1648 le-

1001 1666 1086 1697 gunt
1099 1670 1142 1689 ex
1156 1662 1292 1700 antiquo
1309 1660 1439 1699 Codice,
1464 1661 1493 1690 &
1507 1661 1646 1691 retinent
1661 1660 1717 1690 his.
1763 1663 1842 1692 Sen-

1002 1711 1056 1732 sus
1078 1710 1145 1733 est:
1176 1704 1226 1734 his
1252 1705 1401 1734 conviciis
1425 1705 1460 1735 in
1484 1704 1694 1743 philosophos
1713 1706 1842 1743 jactatis

1000 1746 1041 1774 ab
1058 1746 1181 1777 hircoso
1193 1748 1394 1778 Centurione
1417 1748 1588 1778 assentitur
1605 1749 1632 1777 ὅ(
1649 1748 1764 1778 arridet
1785 1759 1841 1787 po-

1003 1789 1059 1826 pul
1067 1799 1113 1829 us,
1123 1800 1197 1821 suos
1215 1791 1312 1822 etiarn
1326 1792 1501 1821 cachinnos
1515 1790 1681 1830 adjungit3
1706 1792 1841 1831 gaudet-

1003 1841 1068 1870 que
1087 1834 1243 1871 juventus
1261 1834 1383 1864 militiae
1396 1835 1514 1872 dedita,
1528 1836 1556 1864 Sc
1571 1834 1778 1864 scientiarum
1794 1845 1841 1864 as-

1002 1878 1179 1924 pernatrix,
1192 1879 1352 1916 sapientes
1364 1879 1407 1907 ita
1421 1877 1556 1908 ludibrio
1570 1877 1694 1916 haberi,
1712 1877 1796 1907 unde
1813 1879 1841 1907 Sc

1001 1921 1182 1958 ingeminat
1196 1922 1490 1951 subsannationem.

1051 1963 1175 2003 Torosa]
1197 1964 1302 1994 Torus
1327 1964 1413 1994 idern
1438 1970 1486 1993 est
1511 1964 1600 2003 quod
1614 1973 1694 1994 «caro
1711 1973 1842 1994 muscu-

1003 2006 1081 2043 losa,
1097 2007 1174 2037 hinc
1189 2014 1312 2037 torosus
1328 2007 1483 2046 significat
1497 2007 1667 2037 robustum
1684 2008 1713 2038 δι
1728 2017 1844 2047 corpu-

1003 2049 1144 2079 lentum.

1050 2091 1101 2122 88.
1124 2092 1255 2132 Inspice,
1269 2094 1367 2123 nescio
1383 2093 1468 2133 quid,
1485 2093 1551 2132 ἐξα]
1573 2093 1651 2124 Jam
1667 2093 1791 2124 Persius
1807 2095 1845 2125 ri-

1004 2144 1088 2165 sores
1102 2137 1171 2166 illos
1186 2137 1373 2176 insipientes
1395 2136 1556 2167 confutat.
1604 2137 1662 2167 Est
1685 2138 1772 2167 enim
1797 2147 1844 2167 re·

1003 2180 1130 2217 sponsio
1146 2180 1335 2219 Philosophi
1348 2181 1387 2210 ad
1403 2179 1652 2218 Centurionem,
1676 2189 1720 2209 ex
1733 2181 1845 2210 simili-

1005 2222 1133 2261 tudine,
1158 2225 1252 2261 cujus
1278 2225 1430 2262 protasim
1447 2224 1541 2262 ponit
1556 2223 1690 2262 quidem
1706 2223 1844 2261 Persius,

1002 2266 1170 2303 apodosim
1187 2268 1321 2297 minime
1335 2279 1342 2296 ι
1366 2268 1450 2297 hanc
1464 2273 1512 2305 tu,
1524 2267 1635 2304 lector,
1647 2266 1776 2305 supple,
1788 2273 1846 2296 aut

1003 2309 1048 2338 sic
1064 2309 1170 2340 habe:
1196 2316 1334 2350 aegrotus
1359 2317 1517 2349 praecepta
1545 2309 1748 2339 Medicorum
1777 2319 1846 2339 non

1002 2352 1173 2384 observans
1197 2354 1283 2383 brevi
1300 2355 1401 2393 perit:
1426 2354 1469 2382 sic
1493 2354 1590 2382 etiam
1608 2353 1753 2391 quisquis
1769 2351 1845 2381 Phi-

999 2395 1151 2435 Iosophos
1190 2398 1290 2427 animi
1328 2396 1474 2427 Medicos
1509 2396 1618 2425 audire
1654 2404 1722 2424 non
1760 2395 1844 2433 vult,

1001 2441 1158 2478 corruptis
1174 2450 1211 2470 ac
1229 2440 1359 2479 perditis
1375 2439 1530 2476 moribus,
1547 2439 1689 2477 seipsum
1708 2437 1822 2476 perdit.

1048 2482 1185 2522 Inspice]
1207 2483 1313 2514 Verba
1327 2487 1404 2513 sunt
1421 2483 1528 2521 aegroti
1544 2481 1582 2511 ad
1599 2481 1781 2511 Medicum.

1047 2525 1160 2556 Nescio
1184 2527 1258 2565 quid
1281 2526 1430 2565 trepidat,
1459 2523 1528 2566 ᾀε]
1561 2523 1657 2563 AEger
1680 2524 1733 2553 ille
1756 2524 1848 2555 velut

1005 2570 1159 2600 leviorem
1176 2570 1400 2609 aegritudinem
1414 2574 1530 2606 narrat,
1552 2577 1624 2607 quae
1641 2572 1753 2597 tamen
1768 2573 1846 2598 sunt

1005 2614 1152 2653 gravioris
1192 2614 1294 2643 morbi
1321 2618 1537 2653 symptomata
1551 2623 1558 2640 z
1596 2608 1715 2649 nempe
1746 2611 1847 2641 cordis

1005 2657 1269 2695 palpitationem,
1295 2665 1411 2696 aegram
1437 2654 1688 2693 respirationem,
1713 2654 1740 2682 ἀ
1765 2653 1846 2683 hali-

1005 2705 1077 2729 tum
1095 2700 1344 2739 graveolentem.

1049 2742 1158 2783 AEgris
1176 2742 1344 2781 faucibus]
1380 2740 1455 2770 Non
1483 2739 1573 2770 aliter
1605 2749 1694 2780 aegrae
1722 2739 1846 2777 fauces,

1007 2786 1108 2825 quarn
1143 2786 1183 2815 ob
1221 2785 1391 2824 respirandi
1422 2783 1659 2821 difficultatem,
1689 2783 1846 2822 quicquid

1008 2829 1164 2859 nonnulli
1175 2829 1324 2858 sentiant.

1050 2873 1102 2902 89.
1137 2871 1332 2910 Eoesuperat]
1368 2870 1467 2908 Apud
1485 2876 1605 2899 veteres
1622 2868 1755 2899 Codices
1769 2868 1845 2908 legi-

1005 2921 1069 2953 tur,
1084 2918 1242 2953 exuberat,
1251 2914 1305 2944 sed
1314 2920 1401 2943 vetat
1416 2914 1509 2942 metri
1524 2913 1620 2950 rati03
1637 2911 1798 2950 siquidem
1812 2912 1847 2940 in

1004 2958 1089 2995 uber,
1106 2959 1204 2998 longa
1218 2964 1263 2987 est
1278 2958 1378 2995 prima
1394 2956 1524 2994 syllaba.
1569 2954 1711 2988 Quidam
1733 2954 1850 2993 legunt

1004 3002 1135 3030 exsudat
1145 3012 1159 3037 ;
1183 3001 1347 3030 Marcilius
1362 3000 1443 3036 vult,
1458 3000 1591 3038 eJ-pirat.
1640 2997 1706 3027 Alii
1721 3006 1847 3035 exsupe-

1003 3049 1066 3082 rat,
1091 3045 1122 3074 id
1139 3050 1198 3081 est,
1212 3043 1414 3072 abundanter
1431 3043 1508 3072 exit.
1556 3042 1651 3071 Hanc
1671 3040 1845 3070 lectionem
1866 3064 1869 3066 .

1003 3093 1115 3116 tuetur
1139 3087 1362 3123 casaubonus,
1383 3086 1422 3115 eo
1437 3084 1525 3124 quod
1538 3085 1555 3115 ὲ
1571 3082 1752 3115 ventriculo
1769 3091 1842 3112 ruc-

1003 3136 1055 3160 tus
1069 3130 1194 3160 sursum
1210 3128 1398 3159 ascendunt.
