1948 3281
695 108 881 152 PERSII
912 106 1128 151 SATIRA
1157 108 1214 150 V.

98 203 113 227 ‘
133 199 331 244 Vindicta
350 209 568 257 postquam
585 214 700 242 meus
723 200 748 241 ὲ
772 201 946 241 Praetore
969 197 1128 249 recessi,

98 262 111 283 ‘
136 258 223 300 Cur
243 257 345 299 mihi
367 272 451 299 non
473 259 591 300 liceat
607 257 730 313 jussit
753 257 1044 313 quodcumque
1061 255 1264 305 voluntas,

97 319 112 340 ‘
134 316 316 370 Excepto
340 315 372 356 si
394 315 491 372 quid
516 316 676 357 Masuri
698 314 854 356 rubrica
875 313 1021 354 vetavit
1042 313 1074 353 ?'

95 371 249 423 Disce3
283 373 349 414 scd
373 374 428 414 ira
449 373 564 414 cadat
585 387 700 422 naSO,
724 385 950 427 rugosaque
968 383 1110 422 sanna,

98 428 209 470 Cum
232 441 380 471 veteres
402 430 508 471 avias
530 430 602 470 tibi
625 429 673 470 de
695 429 889 483 pulmone
911 427 1069 469 revello.

95 486 197 527 Non
221 487 408 529 Praetoris
430 496 509 528 erat
533 487 666 528 stultis
690 487 780 527 dare
804 483 940 526 tenuia
962 499 1093 525 rerum

1720 104 1804 146 325

1292 197 1416 228 Verum
1455 197 1621 227 enimvero
1664 206 1701 225 ex
1741 204 1799 234 quo

1291 251 1374 270 meus
1395 240 1498 279 prodii
1529 241 1546 268 ἁ
1578 239 1722 276 Praetore,
1747 247 1802 277 per

1290 285 1421 324 virgam,
1435 292 1527 321 quare
1540 291 1595 309 non
1608 280 1678 310 mihi
1687 283 1802 310 licitum

1291 327 1332 357 sit
1360 325 1503 365 quicquid
1531 325 1649 361 placuit
1675 324 1801 353 arbitrio

1293 378 1378 407 meo,
1402 378 1435 397 eo
1451 371 1576 404 excepto
1592 367 1672 403 quod
1687 368 1708 403 ἐς
1727 366 1800 395 Μα-

1292 412 1368 442 surii
1395 410 1480 450 juris
1512 410 1648 438 consulto
1684 408 1803 438 rubrica

1288 454 1440 494 perhibet·
1484 451 1622 490 Accipe;
1644 454 1678 479 at
1703 451 1720 479 a
1746 460 1800 480 na-

1293 497 1375 527 ribus
1396 498 1459 526 tuis
1482 495 1601 525 recedat
1617 493 1802 533 indignatio,

95 545 119 581 ᾀ
135 544 232 573 irrisio
248 546 334 583 rugis
348 550 465 583 notata,
487 546 606 583 quando
622 554 760 585 expungo
780 543 836 573 tibi
851 544 888 573 de
901 543 989 573 corde
1002 543 1130 581 antiqua
1145 540 1264 572 deliria.
1308 541 1360 570 Ad
1375 539 1537 570 Praetorem
1551 546 1609 567 non
1626 536 1800 575 pertinebat

95 587 210 616 insanis
231 589 388 618 concedere
402 588 527 618 subtilia

96 724 147 745 vos
159 715 173 744 .'
199 719 244 747 An
260 716 315 746 ille
330 715 402 745 mila·
417 716 492 746 liber
506 715 658 752 videatur,
681 715 731 744 cai
754 712 861 743 mulier
875 713 927 743 im-

91 763 196 797 perat,
209 759 291 799 leges
306 759 443 797 imponit,
457 763 540 788 vetat
555 758 636 796 quod
650 757 778 794 videtur,
795 758 854 785 (Sco.

141 802 192 831 88.
218 802 357 832 Vindicta
370 806 544 840 postquam,
567 800 631 838 Age]
664 800 711 829 M.
728 800 834 830 Dama
850 809 926 828 nec-

97 844 177 875 dum
191 845 356 875 advertens
375 845 574 883 paralogismi
588 844 639 872 sui
663 843 776 872 vitium
802 843 829 871 &
847 852 929 871 erro-

99 897 184 917 rem:
207 898 306 928 seque
331 889 347 916 a
364 890 472 918 Stoico
488 887 649 926 vapulare,
673 886 712 915 ob
729 886 927 924 aequivocam

98 930 251 961 libertatis
266 931 501 969 acceptionem,
517 930 617 968 pergit
628 928 845 969 argumentari
859 937 930 966 por-

98 975 132 1003 ro
159 973 176 1002 a
202 973 346 1003 libertate
371 975 509 1012 corporis
535 973 574 1003 ad
603 972 702 1002 animi
727 972 926 1001 libertatem:

100 1018 250 1055 quocirca
267 1026 333 1047 non
348 1016 417 1046 sine
433 1016 567 1045 ludibrio
583 1016 754 1054 excipitur.

146 1058 302 1099 Vindicta]
346 1058 438 1099 Virga
467 1063 525 1097 est,
561 1057 623 1097 qud
649 1057 882 1087 manumittendi
908 1058 928 1086 ἀ

98 1100 234 1131 Praetore
247 1103 276 1131 in
289 1103 387 1141 capite
395 1101 572 1141 pulsantur,
596 1101 662 1130 idei)
677 1101 771 1137 dicta,
790 1100 869 1138 quod
881 1110 929 1129 eos

99 1144 232 1174 vindicat
260 1145 405 1175 libertati.
450 1145 538 1174 Vett.
566 1143 669 1174 Gloss.
694 1144 790 1173 Titus
817 1148 926 1172 autem

100 1186 212 1217 Livius
238 1189 292 1217 lib.
317 1189 348 1218 2.
376 1198 446 1227 cap.
476 1190 505 1217 5.
529 1188 572 1216 ita
596 1193 819 1225 nuncupatam
844 1186 886 1215 ait
912 1186 930 1215 a

100 1229 252 1260 Vindicio
268 1241 370 1268 servo,
395 1232 452 1269 qui
468 1231 590 1269 primus
606 1230 750 1260 libertate
776 1229 872 1258 simul
900 1230 928 1258 δε

99 1273 228 1303 civitate
251 1274 388 1303 donatus
415 1274 455 1302 ob
480 1274 640 1303 detectam
665 1272 930 1309 conjurationem.

100 1315 188 1346 Hinc
204 1317 277 1346 vero
293 1318 466 1353 sancitum,
491 1324 527 1345 ut
543 1315 668 1354 quoties
694 1323 802 1344 servus
815 1314 930 1353 aliquis

101 1361 396 1395 manumitteretur,
413 1364 511 1397 caput
526 1360 551 1396 ej
559 1368 593 1388 us
608 1358 723 1387 baculo
738 1363 931 1396 tangeretur,

100 1401 135 1430 in
153 1402 340 1431 memoriam
356 1408 546 1431 conservatae
565 1401 690 1439 Populo
706 1400 852 1430 Romano
875 1409 932 1439 per

99 1453 228 1474 servum
243 1445 404 1474 libertatis.

144 1487 238 1517 Meus
266 1489 287 1517 ἁ
313 1487 448 1516 Praetore
474 1487 594 1526 recessi]
629 1486 698 1517 Mei
720 1485 798 1523 juris
829 1485 932 1516 factus

102 1539 188 1568 sum,
210 1531 289 1560 liber
316 1531 343 1560 &
374 1531 448 1560 civis
479 1531 652 1561 Romanus.
696 1529 812 1559 Praetor
841 1529 930 1558 enim

102 1574 182 1602 servi
203 1579 300 1611 caput
315 1573 440 1612 virgula
463 1573 578 1603 feriens
602 1572 846 1612 pronunciabat,
869 1575 932 1601 esto

102 1615 198 1645 liber:
220 1617 312 1653 porro
339 1617 396 1655 qui
422 1616 560 1646 vindicta
574 1616 789 1646 manumissus
815 1615 839 1644 is
865 1614 932 1644 una

102 1667 179 1688 cum
204 1658 349 1688 libertate
372 1659 534 1689 civitatem
561 1659 739 1688 Romanam
755 1666 931 1695 conseque·

103 1701 206 1738 batur,
231 1701 298 1731 Tit.
326 1701 396 1731 Liv.
420 1702 496 1731 locis
520 1702 587 1738 jam
607 1700 720 1730 citatis.
764 1699 865 1730 Alex.
892 1700 932 1729 ab

101 1743 200 1774 Alex.
214 1744 267 1775 lib.
287 1746 317 1774 4.
334 1754 403 1783 cap.
421 1746 470 1774 10.
491 1745 549 1773 δίο.

148 1787 199 1817 89.
234 1786 297 1816 Cur
312 1786 384 1816 mihi
399 1797 457 1816 non
473 1787 577 1824 liceat,
593 1785 659 1824 ἔξω]
695 1785 837 1814 Adverte
851 1794 933 1815 arro-

103 1830 244 1869 gantiam
261 1831 289 1859 &
306 1830 487 1868 superbiam
502 1830 536 1858 in
551 1830 651 1858 verbis
667 1828 768 1858 Marci
784 1828 909 1858 Damae.

146 1873 197 1903 90.
222 1872 360 1911 Excepto
373 1873 401 1902 si
423 1873 509 1911 qnid,
532 1871 597 1910 εἷτα]
620 1871 759 1911 Excipio
774 1871 839 1909 illa,
863 1880 933 1910 quae

104 1915 227 1955 legibus
243 1917 271 1946 ἃ
286 1917 359 1953 jure
374 1922 449 1945 sunt
461 1915 569 1944 vetita.

146 1957 287 1997 Masuri]
309 1958 468 1988 Masurius
490 1957 538 1987 lzic
552 1957 684 1986 Sabinus
699 1954 793 1997 Legis
814 1955 936 1986 consul·

105 2005 154 2031 tus
171 2001 258 2041 fuit]
302 2000 389 2030 Vett.
406 2001 511 2031 Gloss.
555 2000 664 2039 Eques
680 2005 746 2029 erat
759 1999 938 2037 Romanus,

104 2043 226 2073 Tiberii
255 2044 452 2082 imperatoris
475 2049 621 2083 tempore
646 2042 789 2072 doctrina
815 2042 935 2080 clarus3

105 2087 255 2117 caeterurn
279 2087 368 2115 valde
394 2096 525 2125 pauper.
573 2087 652 2124 Ejus
677 2085 825 2115 meminit
839 2085 937 2124 Agel-

105 2129 167 2159 lius
195 2129 252 2158 lib.
275 2131 325 2158 14.
355 2138 424 2167 cap.
454 2130 504 2160 19.
527 2131 557 2159 sc
583 2129 667 2158 alibi.
711 2128 812 2167 Apud
833 2128 937 2157 Athe-

106 2181 216 2201 naeum
232 2171 286 2201 lib.
304 2173 355 2201 14.
381 2176 418 2200 ut
430 2172 476 2201 vir
489 2172 584 2211 longe
599 2171 742 2210 optimus
754 2172 782 2200 δε
798 2171 937 2210 sapiens,

107 2215 287 2254 legumque
302 2214 461 2252 interpres
477 2214 620 2243 eximius
635 2214 820 2243 celebratur.

150 2256 304 2296 Rubrica]
340 2256 429 2289 Quid
458 2257 581 2295 proprie
617 2256 658 2285 sit
691 2255 837 2292 Rubrim,
870 2255 939 2285 dixi

109 2301 177 2330 Sat.
197 2303 224 2330 1.
255 2300 404 2329 Rubricas
418 2300 520 2329 vocari
534 2298 656 2327 minium
672 2307 730 2336 quo
745 2298 826 2326 tituli
839 2299 939 2337 legum

108 2343 362 2377 annotabantur5
383 2343 473 2372 aiunt
489 2343 542 2372 hic
560 2347 678 2371 veteres
692 2339 796 2369 Gloss.
813 2341 840 2369 &
857 2341 942 2370 Tur-

110 2387 185 2416 neb.
209 2386 263 2416 lib.
276 2387 307 2416 4.
321 2395 391 2425 cap.
411 2387 440 2414 5.
454 2386 575 2415 scilicet
598 2384 639 2413 ob
651 2383 789 2414 similem
803 2383 942 2413 colorem

111 2429 260 2458 rubeum.

111 2471 263 2502 Juvenal.
280 2471 346 2501 Sat.
366 2471 415 2500 14.

379 2513 510 2554 Perlege
524 2513 630 2542 rubras
641 2511 799 2550 Major-um
812 2510 907 2551 leges,

112 2556 231 2596 Neque
259 2559 334 2587 vero
360 2558 469 2596 legum
497 2556 638 2592 tantum,
661 2555 714 2584 sed
741 2556 768 2583 <Sc
792 2555 942 2583 omnium

114 2609 186 2638 quae
216 2601 393 2630 scribebant
420 2600 511 2635 olim,
535 2597 634 2635 tituli,
666 2597 769 2635 capita
803 2597 831 2625 &
855 2597 944 2626 initia

114 2642 208 2671 rubra
223 2648 322 2680 erant,
335 2652 392 2672 seu
409 2643 510 2672 minio
535 2650 592 2670 seu
618 2640 800 2678 purpurisso
824 2645 943 2669 notata.

114 2683 206 2713 Patet
219 2693 260 2713 ex
275 2685 368 2714 Ovid.
383 2685 477 2714 Trist.
491 2684 545 2713 lib.
564 2685 591 2712 1.
610 2682 699 2721 Eleg.
719 2684 745 2710 1.

199 2725 267 2755 Nec
281 2727 388 2756 titulus
403 2728 505 2765 minio,
521 2736 574 2755 nec
587 2725 674 2753 cedro
690 2723 798 2753 charta
814 2727 944 2754 notetur.

116 2768 161 2799 Et
176 2769 316 2799 Martial.
332 2770 386 2799 lib.
402 2771 432 2799 3.
450 2770 649 2808 Epigramm.
662 2769 692 2796 2.

330 2811 375 2840 Et
390 2821 473 2841 cocco
489 2813 594 2841 rubeat
608 2808 749 2849 superbus
765 2808 874 2838 Indeae.

117 2852 214 2887 Quod
228 2859 336 2883 autem
361 2854 415 2883 hic
431 2854 639 2884 Casaubonus
665 2852 705 2881 de
726 2861 796 2881 cera
818 2852 949 2881 miniata

118 2897 385 2933 comminiscitur,
407 2905 475 2926 non
499 2905 668 2936 perperam
697 2894 823 2923 videtur
847 2903 948 2932 repre-

972 715 1144 745 mocritum
1165 713 1287 744 annulo
1309 712 1431 752 signare
1456 708 1586 739 solitum
1602 717 1638 738 ea
1655 717 1727 747 quae
1744 717 1800 738 ex-

973 764 1081 795 pertus
1098 763 1189 794 esset,
1212 756 1282 786 cera
1296 765 1338 785 ex
1351 756 1455 789 mitto,
1478 752 1509 781 id
1526 757 1583 788 est,
1606 751 1721 788 minio,
1743 761 1800 781 seu

973 800 1043 829 cera
1073 800 1219 830 miniata.
1264 798 1348 829 Nam
1376 803 1411 827 ut
1434 795 1530 824 habet
1557 794 1637 824 Plin.
1666 794 1720 824 lib.
1748 795 1802 823 353.

971 852 1040 881 cap.
1059 845 1088 873 7.
1131 842 1249 872 Milton
1267 841 1366 871 Graeci
1393 841 1502 869 vocant
1526 838 1660 866 minium.
1713 836 1801 869 Quid

972 887 1010 915 sit
1024 887 1122 915 etiam
1152 895 1222 915 cera
1248 885 1392 920 miniata,
1418 882 1446 910 δε
1472 880 1559 920 quod
1586 879 1746 909 notationi
1771 882 1802 911 &

972 938 1112 959 censurae
1127 929 1214 958 utilis
1229 933 1322 964 esset,
1345 935 1411 956 non
1426 924 1602 962 scriptioni.
1626 923 1734 961 aperte
1749 922 1803 953 ‹le-

971 972 1069 1002 clarat
1082 971 1213 1002 Tullius
1238 970 1278 1000 ad
1294 969 1453 999 Atticum.
1497 967 1548 996 Sic
1564 966 1659 995 habet
1682 967 1734 995 lib.
1754 966 1803 995 16.

971 1014 1074 1054 Epist.
1092 1016 1141 1044 11.
1186 1013 1331 1043 Nostrum
1347 1021 1421 1050 opus
1434 1008 1489 1038 tibi
1500 1008 1625 1046 probari
1637 1010 1720 1037 laetor
1731 1019 1745 1043 ,·
1768 1019 1806 1038 ez*

971 1067 1029 1096 quo
1045 1056 1119 1087 ante*²
1142 1057 1205 1096 ipse
1215 1055 1358 1095 posuisti,
1381 1064 1447 1092 quae
1461 1051 1718 1086 mihiflorentiora
1734 1056 1806 1081 sunt

972 1101 1036 1130 visa
1052 1100 1173 1139 jndicio
1195 1104 1258 1129 tuo.
1306 1096 1434 1128 Ceratas
1449 1095 1526 1124 em‘m
1542 1098 1612 1123 tuas
1626 1093 1806 1124 miniatalas

971 1143 1040 1173 illas
1054 1143 1291 1174 extimescebam.
1334 1140 1377 1170 Et
1399 1140 1452 1169 lib.
1475 1139 1524 1168 15.
1552 1137 1655 1176 Epist.
1673 1139 1722 1167 14.
1749 1137 1804 1167 ad-

973 1186 1038 1215 huc
1053 1186 1201 1224 apertius,
1224 1185 1297 1215 curn
1315 1183 1377 1213 ait:
1415 1182 1477 1212 His
1491 1180 1590 1210 literis
1604 1180 1737 1218 scriptis,
1759 1189 1805 1209 me

972 1230 1015 1258 acl
1028 1227 1168 1267 συτιίξεις
1183 1228 1265 1265 dedi,
1288 1236 1353 1265 quae
1377 1226 1494 1265 quidem
1516 1233 1618 1252 vereor
1642 1232 1678 1252 ne
1695 1223 1804 1252 minia-

972 1272 1038 1301 tuta
1051 1272 1153 1301 cerula
1169 1275 1221 1300 tua
1231 1270 1371 1309 plurib-us
1387 1268 1462 1297 locis
1474 1267 1610 1295 notanda
1623 1266 1695 1295 sint.

1017 1315 1070 1346 91.
1093 1314 1210 1349 Disce,·
1231 1313 1294 1349 sed,
1310 1311 1377 1350 5⁴⁶2]
1409 1309 1651 1347 Assumptionis
1669 1309 1806 1347 probati-

974 1367 1071 1388 onem
1087 1357 1202 1386 refellit
1219 1355 1431 1393 Philosophus
1447 1353 1595 1389 Stoi'cns3
1619 1352 1677 1381 sim
1685 1352 1717 1381 ul
1734 1354 1807 1381 vero

974 1401 1115 1430 Damam
1130 1405 1208 1437 orat,
1220 1409 1261 1428 ne
1273 1399 1434 1433 irascatur,
1447 1396 1527 1426 dum
1541 1395 1661 1432 aperiet
1674 1395 1734 1433 ipsi
1747 1394 1805 1424 for-

975 1449 1055 1473 tasse
1071 1453 1137 1472 non
1154 1442 1321 1481 placituras
1338 1440 1504 1469 veritates:
1529 1437 1680 1467 caeterum
1705 1447 1745 1467 ne
1769 1438 1807 1467 ri-

974 1486 1117 1516 dendum
1137 1491 1228 1523 putet
1243 1484 1276 1513 in
1293 1492 1324 1512 re
1340 1488 1406 1512 tam
1421 1481 1510 1512 seria.

1016 1528 1071 1558 Ira
1086 1528 1178 1557 cadat
1190 1526 1278 1565 naso]
1314 1525 1504 1555 Theocritus
1519 1525 1634 1554 iratum
1649 1522 1733 1553 Pana
1747 1523 1807 1562 sig-

973 1572 1101 1602 nificare
1117 1571 1227 1600 volens
1243 1570 1276 1599 in
1300 1569 1373 1606 ejus
1397 1577 1472 1597 naso
1496 1567 1593 1597 bilem
1620 1566 1729 1596 sedere
1751 1567 1807 1603 ait,

974 1615 1068 1654 ldyll.
1087 1616 1117 1644 1.
1132 1613 1214 1654 χολὰ
1238 1610 1317 1641 vovi
1336 1609 1386 1652 ῥινὶ
1407 1609 1552 1641 κάθηται,
1596 1610 1700 1639 Plaut.
1727 1610 1808 1638 Arn-

976 1659 1069 1696 phitr.
1097 1658 1174 1686 Act.
1199 1658 1230 1686 4.
1259 1656 1353 1685 Scen.
1381 1654 1412 1683 3.
1460 1653 1616 1682 Vetustum
1641 1652 1786 1693 adagium
1799 1664 1809 1681 .-

964 1701 1072 1738 James
1087 1701 1109 1736 ᾇ
1124 1709 1207 1727 mora
1222 1698 1308 1727 bilem
1323 1698 1354 1726 in
1368 1707 1472 1726 nasum
1487 1696 1639 1725 conciunt.

1019 1742 1201 1782 Rugosaque
1213 1740 1325 1778 sanna]
1350 1739 1492 1769 Ridentis
1509 1748 1602 1768 nasus
1623 1748 1724 1777 osque
1743 1748 1811 1767 cor·

978 1785 1082 1824 rugari
1095 1784 1209 1813 solent.
1252 1783 1370 1819 Sanna,
1394 1783 1501 1820 inquit
1528 1781 1652 1810 Nonius
1675 1782 1810 1811 Marcel·

977 1828 1038 1865 lus,
1054 1837 1087 1857 os
1097 1827 1257 1856 distortum
1267 1835 1333 1854 cum
1348 1826 1444 1854 vultu.
1488 1823 1575 1853 Vide
1590 1824 1656 1855 Sat.
1673 1825 1702 1854 1.
1719 1824 1757 1854 ad
1773 1834 1810 1854 ea

978 1871 1084 1907 verba,
1098 1869 1228 1898 Posticae
1242 1868 1387 1898 occurrite
1401 1876 1510 1897 sannoe.

1020 1914 1073 1943 92.
1101 1911 1220 1941 Veteres
1235 1910 1336 1949 avias]
1360 1911 1472 1940 Aniles
1486 1909 1620 1947 fabulas,
1642 1910 1811 1948 opiniones

978 1956 1082 1994 falsas,
1094 1964 1223 1992 errores,
1246 1953 1356 1993 quales
1371 1953 1488 1982 vetulae
1504 1952 1575 1981 filiis
1589 1962 1625 1981 ac
1640 1953 1812 1991 nepotibus

978 2000 1060 2037 saepe
1082 2003 1279 2037 suggerunt:
1306 1996 1416 2035 quales
1441 1997 1470 2024 ἅτ
1496 1995 1576 2024 forte
1603 1995 1641 2024 de
1666 1995 1813 2027 libertate
1862 1998 1867 2001 ’

979 2043 1049 2071 avia
1065 2041 1187 2080 pridem
1203 2046 1261 2070 tua
1273 2040 1330 2069 tibi
1342 2039 1525 2068 inculcavit.
1570 2037 1745 2077 Explicant
1759 2040 1812 2070 alii

980 2094 1094 2114 vanam
1110 2093 1146 2113 ac
1157 2090 1321 2112 ventosam
1336 2081 1509 2111 nobilitatis
1519 2080 1717 2119 opinionem,
1733 2092 1811 2121 qua-

981 2128 1046 2157 lem
1070 2126 1134 2156 fere
1159 2126 1321 2156 habebant
1345 2124 1483 2153 Romani
1496 2134 1505 2162 3
1534 2124 1564 2153 ὃς
1590 2126 1814 2165 arrogantiam,

981 2171 1074 2208 cujus
1090 2170 1124 2199 in
1140 2170 1296 2207 pulmone
1311 2167 1410 2197 sedeS.

1023 2212 1074 2243 De
1084 2212 1225 2251 pulmone
1241 2210 1365 2248 revello]
1397 2210 1475 2240 Haec
1496 2208 1570 2238 licet
1596 2209 1741 2239 radicitus
1766 2212 1814 2241 in-

982 2256 1124 2286 haereant
1138 2255 1219 2284 cordi
1237 2256 1265 2284 ὅε
1282 2254 1389 2283 animo
1403 2259 1474 2290 tu0‚
1498 2252 1523 2281 si
1539 2256 1647 2281 tamen
1664 2253 1816 2292 extirpari

982 2300 1063 2328 sinas
1078 2300 1106 2328 Sc
1120 2298 1278 2336 expungi,
1290 2297 1385 2326 etiam
1399 2305 1473 2324 curn
1490 2295 1601 2333 aliquo
1614 2296 1721 2324 dolore
1735 2303 1791 2326 tuo
1807 2308 1818 2336 ;

984 2341 1106 2371 docebo
1121 2345 1153 2370 te
1166 2341 1359 2379 distinguere
1382 2339 1510 2367 civilem
1534 2338 1708 2367 libertatem
1727 2348 1815 2369 com-
1867 2332 1872 2337 ”

984 2393 1120 2413 munem
1147 2382 1279 2422 quidem
1306 2381 1467 2417 omnibu<,
1493 2380 1512 2408 a
1532 2379 1676 2409 libertate
1703 2383 1816 2422 animi,

985 2437 1058 2465 quae
1075 2427 1133 2456 soli
1150 2427 1275 2464 propria
1292 2430 1338 2453 est
1349 2423 1496 2461 sapienti·
1542 2422 1624 2459 Ergo
1641 2424 1782 2456 attende.

1028 2470 1079 2500 93.
1103 2469 1176 2497 Non
1199 2467 1344 2497 Proetoiis
1365 2470 1443 2503 erat,
1467 2464 1531 2503 [30]
1560 2463 1731 2497 Quaerebas
1747 2478 1819 2499 mo-

985 2512 1038 2550 do,
1063 2513 1084 2541 ὀ
1107 2512 1227 2548 Marce,
1251 2520 1307 2539 cur
1331 2509 1428 2538 libero
1451 2509 1508 2537 tibi
1530 2517 1564 2536 ac
1589 2509 1650 2538 civi
1672 2509 1819 2542 Romano

985 2564 1050 2584 non
1073 2556 1179 2590 liceat,
1207 2555 1265 2582 &a
1310 2552 1360 2581 En
1384 2552 1487 2580 disce:
1522 2549 1637 2581 Praetor
1660 2553 1747 2590 quod
1771 2557 1820 2584 sui

985 2597 1088 2627 fuerat
1100 2597 1195 2626 officii
1207 2595 1351 2634 praestitit
1363 2594 1449 2630 sane,
1461 2594 1514 2630 jus
1530 2592 1704 2625 Quiritium
1719 2596 1819 2635 dedit,

988 2640 1004 2668 a
1018 2640 1140 2669 domini
1164 2643 1320 2678 potestate
1333 2636 1518 2666 vindicavit.
1563 2637 1626 2666 Sed
1641 2638 1772 2668 liberare
1789 2647 1822 2670 te

989 2683 1006 2711 a
1021 2691 1111 2711 nexu
1129 2683 1157 2711 δι
1181 2681 1333 2710 servitute
1356 2679 1570 2718 cupiditatum
1597 2689 1633 2709 ac
1655 2681 1820 2719 vitiorum,

989 2734 1088 2763 penes
1110 2734 1188 2754 eum
1210 2732 1277 2752 non
1302 2728 1376 2751 erat.
1421 2722 1496 2751 Hoc
1518 2723 1592 2752 vero
1614 2723 1680 2752 sola
1695 2730 1820 2762 praestat

989 2766 1206 2805 Philosophia.

1032 2809 1157 2846 Stultis]
1193 2807 1292 2846 Apud
1315 2803 1453 2844 Sto‘i'cos,
1478 2807 1573 2836 Stulti
1598 2815 1697 2836 omnes
1724 2809 1822 2837 sen-i.-

989 2852 1073 2882 Item
1088 2863 1096 2889 3
1120 2851 1283 2881 Insaniunt
1296 2859 1395 2878 omnes
1406 2854 1518 2888 proeter
1529 2850 1704 2887 sapientem.

1036 2894 1121 2923 Dare
1136 2893 1237 2922 tenuia
1252 2901 1351 2920 rerum
1369 2892 1481 2930 offi'cia]
1506 2892 1590 2921 Dare
1611 2892 1667 2920 tibi
1683 2901 1748 2921 non
1766 2902 1823 2931 po.

117 2938 292 2968 hensuma
307 2939 464 2977 Marcilio,
488 2941 546 2978 qui
566 2945 658 2968 notat
683 2946 754 2966 eam
782 2937 951 2976 signationi
994 2937 1058 2966 tuit
1085 2937 1249 2965 scientiam
1276 2944 1381 2965 rerum
1409 2935 1489 2964 bene
1516 2934 1722 2973 agendarum,
1746 2937 1825 2966 recti

118 2990 187 3010 non
203 2981 366 3019 scriptioni
389 2980 552 3011 idoneam.
598 2979 687 3014 Quid
702 2978 832 3009 autem?
867 2979 947 3008 Viro
984 2978 1081 3015 facta
1098 2977 1329 3018 κατορθώματι,
1353 2987 1417 3016 quoe
1432 2986 1532 3005 omnes
1555 2985 1689 3004 numeros
1704 2977 1828 3008 virtutis

118 3024 167 3052 vir
183 3023 326 3053 occinere
342 3033 409 3053 non
423 3028 549 3054 veretur
564 3033 640 3053 cum
655 3022 809 3060 Satiric03
833 3021 926 3050 Disce
937 3032 948 3050 :
991 3021 1147 3051 continent
1155 3033 1169 3057 ,·
1191 3026 1229 3051 ut
1239 3021 1282 3050 ait
1293 3020 1381 3050 Tull.
1398 3021 1428 3048 3.
1442 3019 1481 3048 de
1497 3018 1642 3055 Finibus,
1664 3027 1756 3048 num.
1768 3021 1826 3052 24.

119 3065 173 3093 sed
199 3066 246 3094 ira
272 3066 376 3095 cadat.
421 3066 517 3096 Certe
544 3066 630 3096 favet
661 3065 779 3095 Critico
808 3064 952 3094 adversus
1041 3062 1169 3103 Tenuia]
1194 3064 1327 3093 Minuta
1342 3061 1425 3091 certe
1446 3060 1628 3096 &subtilia‚
1652 3069 1756 3099 eoque
1771 3064 1831 3093 dif.

120 3107 277 3139 Criticurn
290 3108 454 3139 Vitruvius
481 3109 536 3140 lib.
551 3109 584 3140 9.
613 3108 730 3147 cap.3.
759 3107 815 3137 ubi
827 3107 872 3137 ait
886 3105 952 3137 De·
995 3106 1101 3138 ficilia.
1147 3106 1336 3139 Aristoteles
1347 3105 1377 3135 2.
1396 3103 1537 3135 Ethicor.
1578 3101 1832 3138 Quemadmodaein'z
