1948 3281
648 68 986 115 JUVENALIS
1019 64 1238 111 SATIRA
1265 67 1349 110 VI.

147 162 353 222 Torqueat
374 163 657 219 enthymema,
676 177 752 204 nec
774 160 966 204 historias
990 159 1092 202 sciat
1113 173 1259 223 omnes
1282 174 1292 198 :

148 223 229 267 Sed
252 221 443 279 quaedam
467 236 515 262 ex
538 220 650 262 libris
677 221 717 262 δι
737 234 823 261 non
845 217 1060 275 intelligat.
1122 218 1206 260 Odi

1787 74 1867 118 109

1357 157 1460 189 verum
1490 158 1509 189 ὲ
1534 161 1686 193 codicibus
1711 166 1881 206 nonnulla,

1265 216 1351 257 450
1363 213 1419 232 nec
1434 204 1561 242 penitus
1585 207 1700 244 capiat.
1746 210 1880 240 Aversor

1363 256 1421 286 ego
1444 245 1530 276 illam
1546 258 1611 286 quoe
1628 250 1732 278 recolit
1756 262 1793 280 ac
1809 263 1878 282 ver-

148 282 277 325 Hanc
300 295 393 336 eg0,
417 294 511 335 quae
534 278 677 334 repetit
700 277 907 333 volvitque
931 275 1181 318 Palaemonis
1203 283 1348 326 artem,
1362 294 1411 319 sac
1442 289 1626 320 Pazaemonis
1665 292 1876 333 disciplinam,

151 339 318 381 Servata
339 352 496 393 semper
517 336 621 394 lege,
647 337 687 378 ὅτ,
709 335 862 377 ratione
884 334 1100 390 loquendi,

150 395 407 451 Ignotosque
429 394 533 436 mihi
557 404 666 436 tenet
687 392 916 449 antiquaria
937 407 1092 443 versus,

147 451 242 496 Nec
265 452 444 494 curanda
468 452 559 494 viris
581 452 728 508 Opicae
751 451 923 507 castigat
945 448 1091 492 amicae

363 509 661 552 Soloecismum
684 510 801 551 liceat
821 508 970 550 fecisse
991 507 1156 550 marito.

147 566 224 610 Nil
247 583 332 609 non
356 567 554 622 permittit
575 566 723 609 mulier
744 565 818 608 sibi
839 582 849 607 ε
884 575 1000 621 turpe
1023 574 1138 620 putat
1159 563 1233 614 nil,

151 625 268 667 Com
292 626 436 667 virides
459 640 643 682 gemmas
667 624 773 666 collo
797 623 1083 674 circumdedit,
1111 623 1150 663 Sc
1171 623 1271 663 cum

149 682 338 725 Auribus
361 683 540 724 extensis
562 697 738 738 magnos
761 680 975 722 commisit
997 681 1205 721 elenchos.

150 740 457 784 Intolerabilius
475 740 577 782 nihil
601 750 661 780 est
683 741 811 794 quam
834 738 1008 780 foemina
1030 737 1157 781 dives.

151 797 318 840 Interea
339 798 449 839 foeda
471 806 653 853 aspectu,
676 797 925 852 ridendaque
946 795 1078 836 multo

152 856 262 897 Pane
284 864 414 897 tumet
436 855 575 905 facies,
600 863 668 896 aut
691 853 859 910 pinguia
882 855 1116 908 Poppaeana

153 912 303 967 Spirat,
330 913 369 954 ὅτ,
390 912 488 953 hinc
511 911 647 954 miseri
670 911 878 953 viscantur
899 910 1007 952 labra
1030 909 1180 953 mariti.

152 970 223 1011 Ad
245 970 460 1011 moechum
482 969 617 1011 veniet
638 969 724 1011 lota
745 978 838 1010 cute
857 986 867 1011 :
902 969 1069 1025 quando
1089 967 1214 1010 videri

151 1026 257 1069 Vult
278 1027 458 1068 formosa
479 1028 623 1069 domi?
665 1027 844 1068 moechis
866 1026 1006 1068 foliata
1027 1036 1234 1082 parantur.

151 1083 236 1126 His
257 1084 406 1126 emitur
427 1085 626 1142 quicquid
648 1085 816 1142 graciles
838 1086 920 1125 huc
943 1084 1107 1126 mittitis
1130 1083 1242 1124 Indi.
1264 1084 1347 1125 465

151 1142 340 1183 Tandem
363 1143 489 1198 aperit
510 1143 688 1194 vultum,
715 1144 755 1184 ὃς
772 1141 939 1183 tectoria
961 1142 1092 1197 prima
1112 1141 1304 1197 reponit;

152 1198 309 1255 Incipit
330 1200 514 1256 agnosci,
548 1210 670 1256 atque
691 1200 761 1242 illo
782 1201 885 1242 lacte
906 1200 1066 1241 fovetur

155 1257 323 1313 Propter
345 1258 456 1313 quod
480 1273 622 1299 secum
646 1257 818 1299 comites
841 1257 977 1299 educit
999 1257 1158 1307 asellas,

147 509 301 554 Verba.

1362 333 1522 362 custodita
1558 336 1708 373 perpetuo
1754 338 1877 377 reguld,

1363 376 1545 416 dicendique
1559 387 1672 417 genere
1688 379 1855 409 observato
1869 393 1876 410 :

1363 421 1387 457 ξς
1412 429 1484 458 quae
1512 421 1680 450 vetustatis
1694 431 1803 451 amans
1818 424 1878 452 scit

1363 463 1525 492 versiculos
1539 462 1612 493 mihi
1629 474 1688 493 non
1705 468 1793 495 notos
1804 476 1819 500 ‚·
1841 475 1879 498 ac

1264 508 1346 547 455
1363 507 1523 546 redarguit
1539 506 1687 536 vocabula
1704 508 1879 545 suaefami·

1362 550 1450 579 liaris
1468 550 1571 588 Opicoe
1585 550 1660 579 viris
1675 551 1874 591 negligenda.

1363 593 1426 623 Fas
1441 593 1504 623 viro
1529 593 1570 622 sit
1596 593 1775 623 commisisse
1789 594 1879 624 soloe-

1363 646 1429 666 con.
1463 635 1611 676 Indulget
1649 636 1708 665 sibi
1734 638 1874 673 scemina

1363 678 1526 717 quidlibet,
1550 679 1628 709 nihil
1642 679 1769 716 foedum
1797 681 1878 709 exis-

1364 722 1466 759 timat,
1489 722 1612 760 quando
1643 723 1741 752 cinxit
1768 725 1880 759 collum⁴

1363 764 1481 804 lapillis
1493 765 1672 802 virentibus,
1701 767 1724 803 ξς
1751 767 1879 804 quando

1265 795 1351 837 460
1361 809 1510 847 porrectis
1554 807 1704 838 auriculis
1742 809 1878 838 tradidit

1359 852 1497 892 grandes
1532 852 1663 883 inaures.
1720 851 1795 881 Non
1831 857 1881 882 est

1358 895 1488 934 gravius
1521 895 1687 933 quidquam
1731 895 1882 934 opulenta

1362 938 1496 968 muliere.
1547 938 1574 968 V
1572 937 1657 967 ultus
1671 938 1792 968 interim
1809 938 1876 968 hor-

1363 981 1448 1010 ria'us·
1477 982 1557 1019 visu,
1579 992 1617 1010 ac
1647 982 1879 1011 subsannandus

1363 1024 1537 1055 intumescit
1555 1024 1687 1063 plurimo
1710 1032 1806 1064 pane,
1828 1025 1884 1055 vel*

1364 1066 1480 1096 redolet
1527 1071 1687 1107 unguenta
1722 1067 1876 1107 Poppoeae,

1364 1114 1457 1150 atque
1471 1111 1542 1140 inde
1558 1110 1815 1151 conglutinantur
1828 1111 1876 1140 la-

1365 1154 1416 1184 bia
1431 1154 1490 1183 viri
1503 1153 1648 1191 infelicis.
1692 1154 1751 1184 Illa
1764 1158 1881 1194 perge&

1364 1197 1408 1226 ad
1435 1198 1606 1227 adulter-um
1638 1195 1721 1235 pelle
1755 1197 1875 1227 abluta.

1366 1240 1537 1279 Ecquando
1548 1240 1632 1279 cupit
1645 1249 1795 1279 apparere
1802 1242 1873 1279 pul-

1366 1282 1439 1312 chra
1455 1284 1488 1313 in
1504 1283 1616 1312 cedibus
1629 1285 1694 1312 suis
1709 1282 1720 1311 ?
1741 1283 1875 1313 Adulte-

154 1326 198 1356 ris
213 1326 342 1356 nardina
357 1331 582 1366 praeparantur.
626 1326 686 1357 Pro
702 1327 763 1357 illis
778 1324 1144 1365 mercatur'quodcunque
1160 1325 1238 1356 istuc
1264 1326 1488 1364 transmittitis,
1512 1328 1532 1355 ὁ
1557 1326 1629 1355 Indi
1655 1330 1766 1355 tenues.
1811 1326 1879 1356 De-

153 1370 246 1407 m'que
260 1370 381 1406 faciem
408 1370 537 1410 detegit,
556 1371 747 1408 prioremque
771 1370 860 1400 solvit
886 1371 1145 1400 incrustationem.
1190 1369 1305 1410 Incipit
1332 1370 1474 1408 discerni,
1497 1379 1589 1408 eoque
1611 1371 1692 1399 lacte
1718 1369 1877 1401 imbuitur:

156 1411 350 1452 Quapropter
364 1413 475 1442 asellas
489 1423 588 1443 secum
607 1412 704 1443 trahit
717 1415 862 1453 asseclas,

198 1565 274 1596 449.
298 1564 427 1596 Cur-tum
439 1563 642 1605 enthymema]
678 1565 791 1596 Genus
820 1575 992 1606 argumen-

156 1608 286 1640 tationis
306 1609 429 1639 duabus
452 1614 598 1639 constans
615 1609 886 1648 propositionibus
903 1609 993 1639 tertia
1035 1609 1172 1640 binatos.

156 1650 396 1690 subintellecta,
420 1653 448 1682 δε
476 1652 511 1682 in
544 1653 653 1682 animo
679 1653 802 1682 retenta
826 1649 853 1682 ἐν
878 1651 991 1691 Sura&

158 1693 247 1724 unde
269 1703 399 1724 nomen.
445 1694 546 1724 Paulo
557 1696 648 1725 aliter
659 1695 771 1725 Cicero
793 1695 943 1734 Topicoi.
960 1698 989 1726 5.

156 1735 317 1766 Sententia
331 1738 443 1776 quaevis
461 1742 553 1767 acuta
570 1748 634 1776 quoe
664 1748 701 1767 ecc
725 1739 889 1767 contrariis
902 1739 995 1776 corifi-

157 1778 250 1817 citur,
272 1779 457 1820 enthymema
473 1785 529 1817 est,
551 1785 585 1810 ut
596 1791 611 1815 ,·
643 1781 724 1820 quod
738 1781 933 1819 seisprodest
950 1782 994 1810 ni-

156 1820 215 1859 hil,
231 1822 264 1851 id
285 1824 366 1862 quod
387 1823 482 1852 nescis
497 1824 591 1861 obest,
615 1825 643 1852 ἃ
660 1834 694 1854 n.
713 1823 764 1854 56.
813 1824 882 1853 Hoc
899 1824 994 1853 disse-

153 1866 245 1894 rendi
256 1875 355 1906 genus
369 1866 500 1906 attingit
516 1867 635 1895 omnino
647 1872 764 1897 vestras
775 1877 891 1905 quoque
908 1867 939 1896 in
951 1877 997 1896 re-

157 1909 333 1946 spondendo
348 1909 581 1947 disputationes,
597 1910 651 1938 sed
666 1909 917 1949 Philosophorum
934 1921 997 1939 ma-

152 1950 216 1990 gis,
240 1952 347 1990 quibus
358 1956 403 1981 est
418 1962 484 1981 cum
503 1952 684 1982 Oratoribus
700 1953 758 1982 illa
774 1963 811 1982 ex
824 1962 998 1992 repugnan-

157 1992 238 2023 tibus
251 1995 411 2025 sententiis
424 1995 588 2025 communis
611 1995 778 2031 conclusit),
802 2005 867 2033 quae
885 1998 903 2025 (ἱ
920 1996 999 2025 Dia-

158 2034 276 2066 lecticis
303 2039 410 2067 tertius
430 2039 546 2076 modus,
569 2040 589 2068 a·
606 2038 788 2069 Rhetoribus
813 2038 1001 2078 enthymema

157 2084 366 2118 nuncupatur.
409 2081 496 2110 Vide
511 2081 652 2114 Quintil.
666 2083 721 2112 lib.
740 2084 769 2112 5.
784 2091 854 2121 cap.
875 2083 926 2112 14.

203 2121 345 2194 Seimone
373 2123 492 2162 rotato]
529 2124 691 2163 Volubili,
715 2127 766 2156 vel
794 2123 1002 2156 conversione

161 2173 243 2196 conc
259 2175 328 2195 uso.

203 2208 275 2238 451.
303 2207 487 2239 Palaemonis
511 2210 623 2249 artem]
649 2211 786 2242 Sueton.
814 2211 854 2241 de
882 2211 999 2242 Illustr.

160 2250 339 2282 Grammat.
363 2262 433 2291 cap.
451 2253 501 2282 23.
521 2254 565 2282 ait
579 2253 766 2284 Remmium
781 2255 999 2285 Palaemonem

158 2293 375 2325 Vicentinum
390 2296 449 2325 sub
465 2294 592 2325 Tiberio
619 2297 647 2324 ὃ(
663 2296 804 2327 Claudio
818 2297 999 2335 Imperato-

161 2336 246 2367 ribus
262 2338 443 2376 principem
471 2339 610 2368 tenuisse
640 2339 750 2369 locum
780 2341 864 2370 inter
887 2340 1000 2371 Gram-

159 2380 311 2410 maticos:
343 2382 493 2412 caeterum
519 2381 695 2421 arrogantia
720 2382 812 2412 tanta
839 2383 938 2412 fuisse
963 2390 1000 2414 ut

158 2421 210 2453 M.
238 2423 418 2454 Varronem
445 2434 580 2463 porcum
607 2425 806 2464 appellaret:
833 2436 945 2457 secum
968 2430 998 2457 &c

156 2470 246 2498 natas
262 2467 291 2496 Sc
308 2468 476 2497 morituras
490 2468 595 2498 literas
607 2469 756 2507 jactaret,
781 2470 840 2499 ὅτε.

202 2510 278 2539 458.
298 2510 502 2549 Antiquaria]
525 2511 683 2541 Sectatrix
709 2512 919 2551 antiquarum
944 2523 997 2544 vo-

159 2560 239 2582 curn
255 2553 284 2582 δε
300 2553 520 2584 locutionum.

203 2595 278 2625 454.
305 2595 421 2636 Opicoe]
444 2596 579 2627 Barbare
605 2598 771 2638 loquentis
803 2600 832 2629 δι
859 2600 1000 2640 indocte,

160 2644 250 2671 more
266 2637 457 2677 Opicorum.
504 2640 591 2670 Vide
607 2643 672 2672 Sat.
691 2642 724 2672 3.
743 2651 807 2671 ver.
824 2643 900 2673 207.

203 2680 280 2711 455.
301 2681 521 2721 Soloecz'smum]
544 2683 739 2715 Soloecismus
753 2689 799 2715 est
813 2695 879 2715 cum
902 2687 1001 2725 pluri-

159 2722 216 2753 bus
228 2723 325 2754 verbis
347 2735 532 2765 consequens
554 2728 675 2757 verbum
698 2729 845 2767 superiori
870 2739 929 2759 non
951 2741 1002 2760 ac-

159 2766 377 2806 commodatur,
400 2769 508 2808 inquit
536 2770 648 2800 Cicero
676 2772 707 2800 4.
731 2772 770 2801 ad
797 2772 920 2802 Heren.
951 2773 1002 2803 18.

160 2806 248 2837 Vide
264 2808 350 2841 Gen.
376 2811 430 2840 lib.
445 2814 476 2842 5.
499 2822 569 2853 cap.
584 2815 637 2844 20.
662 2813 756 2844 Porro
771 2813 851 2844 Soloe
873 2817 924 2845 vel
949 2817 1003 2845 So·

160 2849 211 2899 lus
228 2852 301 2882 urbs
312 2852 376 2883 fuit
388 2853 523 2894 Ciliciae,
545 2857 580 2887 in
596 2867 696 2896 quam
723 2858 831 2896 piratae
855 2858 1002 2898 Pompeii

160 2903 256 2943 gusse·
277 2899 498 2935 transportati:
523 2899 558 2929 hi
585 2902 659 2930 vero
689 2901 838 2941 linguam
853 2902 999 2932 Atticam

161 2944 374 2984 inquinantes
401 2941 430 2970 δε
451 2949 705 2983 corrumpentes,
731 2945 759 2974 ὅε
786 2944 907 2974 exinde
930 2947 1001 2984 qui-

162 2988 209 3055 ritis
230 2981 374 3029 ’barbare
410 2983 581 3023 loquentes
611 2989 640 3017 ὅ(
674 2987 771 3026 male,
805 2986 1003 3021 Solaecissare

186 3028 241 3052 icti
257 3031 344 3055 sunt.

207 3066 283 3098 457.
312 3066 432 3100 Virides
444 3071 595 3112 gemmas]
618 3072 664 3104 Ut
684 3073 877 3115 smaragdos,

1080 1566 1156 1596 458.
1169 1563 1339 1603 Elenchos]
1361 1563 1507 1594 Uniones
1521 1564 1556 1594 in
1570 1565 1641 1605 pyri
1656 1564 1793 1596 formam
1808 1570 1874 1597 tur-

1228 1609 1307 1639 Plin.
1342 1608 1399 1638 lib.
1428 1608 1461 1639 9.
1495 1618 1565 1647 cap.
1594 1609 1647 1639 35.
1705 1609 1791 1639 Vide
1822 1611 1876 1640 cit.

1038 1654 1108 1691 ejus
1126 1653 1236 1683 locum
1262 1654 1326 1682 Sat.
1342 1652 1373 1682 2.
1399 1661 1464 1680 ver.
1480 1651 1533 1682 61.
1550 1651 1592 1681 ad
1618 1661 1747 1691 vocem,
1772 1653 1877 1692 Cylin-

1038 1697 1118 1726 dros-

1080 1739 1156 1768 461.
1182 1737 1268 1768 Pane
1286 1738 1506 1777 tumetfacies]
1521 1738 1609 1768 Vide
1626 1739 1694 1769 Sat.
1711 1740 1743 1770 2.
1760 1749 1791 1768 v.
1803 1739 1879 1770 107.

1081 1781 1269 1820 Poppoeana]
1293 1782 1430 1812 Inventa
1455 1783 1473 1811 a
1497 1782 1631 1821 Poppoea
1653 1782 1792 1812 Neronis
1817 1792 1879 1811 ux-

1039 1834 1104 1862 ore,
1127 1824 1234 1854 cultus
1249 1828 1278 1855 &c
1294 1826 1463 1855 munditia:
1489 1826 1729 1856 studiosissima.
1773 1824 1879 1855 Vetus

1040 1868 1152 1898 Schol.

1084 1910 1159 1941 462.
1182 1910 1282 1950 Hinc]
1306 1911 1375 1941 Istis
1389 1912 1581 1952 pinguibus,
1607 1911 1702 1950 fucis,
1728 1920 1882 1951 unguen-

1044 1960 1094 1984 tis.

1088 1997 1161 2027 464.
1187 1996 1333 2036 Moeclzis]
1357 1996 1403 2028 Ut
1431 1998 1568 2028 moechis
1598 1999 1724 2037 placeat
1751 1998 1883 2036 mulier,

1044 2041 1214 2079 exquisitis
1231 2050 1264 2070 se
1279 2041 1446 2079 perfundit
1462 2041 1622 2079 odoribus,
1647 2043 1677 2070 δι’
1694 2041 1829 2071 nitidam
1849 2050 1885 2070 se

1044 2084 1105 2113 illis
1122 2093 1292 2123 nunquam
1310 2093 1378 2114 non
1394 2084 1515 2122 objicit,
1543 2094 1610 2114 non
1627 2084 1671 2114 ita
1686 2085 1761 2114 vero
1776 2084 1885 2114 studet

1045 2128 1112 2157 viro
1130 2128 1265 2165 plaeere.

1089 2170 1229 2209 Foliata]
1244 2170 1421 2210 Unguenta
1433 2170 1449 2200 ὲ
1466 2170 1548 2201 foliis
1563 2171 1712 2209 odoratis,
1726 2171 1809 2200 Plin.
1825 2170 1886 2200 lib.

1045 2215 1096 2242 13.
1118 2224 1188 2252 cap.
1223 2216 1250 2243 1.
1284 2214 1460 2243 IVardinum
1491 2214 1552 2243 sice
1570 2214 1735 2252 foliarum,
1761 2214 1884 2252 inquit,

1043 2260 1166 2286 constat
1183 2256 1350 2294 omphacio,
1368 2257 1525 2294 batonim,
1538 2258 1644 2298 juncti,
1660 2261 1755 2294 costo,
1777 2257 1885 2295 nardo,

1043 2309 1170 2338 amomo,
1184 2300 1318 2339 myrrhd,
1343 2300 1489 2331 balsamo.
1539 2300 1582 2329 Et
1598 2310 1665 2338 cap.
1685 2302 1714 2329 2.
1739 2299 1813 2337 Est,
1835 2300 1884 2329 in·

1045 2343 1129 2382 quit,
1167 2348 1390 2383 unguentorum
1427 2353 1545 2373 summa
1583 2343 1813 2380 commendatio,
1849 2346 1887 2372 ut

1043 2390 1218 2416 transeunte
1245 2386 1383 2423 fiumina
1421 2388 1492 2416 odor
1528 2386 1636 2416 inritet
1668 2387 1761 2415 etiam
1799 2385 1888 2416 aliud

1043 2434 1182 2470 agentes.

1085 2473 1160 2503 456.
1187 2471 1315 2503 Emitur
1327 2472 1482 2512 quicquid,
1500 2472 1565 2510 ξω]
1590 2472 1745 2502 Aromata
1759 2471 1855 2502 varia.

1087 2515 1227 2546 Graciles
1240 2517 1327 2555 Indz]
1354 2516 1462 2546 Minus
1491 2516 1673 2553 corpulenti
1699 2517 1740 2545 ob
1769 2522 1885 2546 aestum

1044 2560 1073 2588 ἃ
1103 2560 1248 2590 ardorem
1277 2560 1357 2589 Solis
1384 2558 1559 2598 praesertim
1588 2559 1751 2589 matutini.
1796 2558 1888 2589 Vide

1044 2601 1168 2631 Herod.
1186 2603 1244 2632 lib.
1260 2604 1292 2632 ὃ.

1088 2644 1178 2686 Indi]
1217 2645 1264 2675 Hi
1290 2650 1365 2675 sunt
1392 2644 1477 2674 Asiae
1508 2645 1622 2685 populi
1649 2644 1741 2674 valde
1772 2644 1888 2675 Orien-

1045 2688 1135 2727 taJeS,
1159 2690 1198 2718 ab
1216 2688 1298 2718 Indo
1314 2687 1415 2717 fluvio
1429 2687 1505 2717 dieti
1523 2700 1530 2717 z
1556 2690 1648 2718 omni
1673 2688 1806 2728 frugum
1833 2697 1888 2726 ge-

1047 2741 1135 2770 nere,
1160 2732 1234 2761 coeli
1261 2731 1430 2769 temperie,
1464 2740 1596 2761 amoeno
1624 2732 1704 2769 solo,
1736 2731 1886 2771 gemmis,

1048 2775 1182 2813 aliisque
1199 2774 1314 2813 opibus
1330 2774 1423 2804 beati.
1484 2775 1587 2814 Apud
1604 2774 1700 2804 Indos
1717 2775 1817 2804 vetita
1842 2779 1888 2802 est

1050 2817 1130 2856 Regi
1146 2817 1354 2854 temulentia,
1370 2821 1452 2847 teste
1468 2817 1630 2848 Athenaeo
1646 2818 1703 2847 lib.
1722 2818 1772 2847 10.
1790 2826 1817 2844 c.
1836 2816 1886 2845 10.

1099 2859 1174 2889 466.
1199 2860 1311 2899 Aperit
1327 2859 1458 2899 cultum]
1481 2860 1606 2891 Ablatis
1629 2860 1780 2897 tectoriis,
1796 2859 1890 2896 fucis,

1045 2904 1304 2935 incrustamentis
1317 2904 1334 2933 e
1352 2905 1436 2934 mica
1453 2905 1545 2943 panis
1562 2904 1686 2934 asinino
1714 2903 1796 2933 lacte
1819 2911 1890 2932 ma-

1046 2947 1152 2984 cerati,
1176 2946 1216 2975 de
1232 2955 1299 2985 quo
1315 2957 1406 2977 mox.

1088 2989 1163 3019 467.
1191 2989 1337 3029 Fovetur]
1362 2990 1515 3029 Illinitur‚
1532 2990 1684 3027 abluitur,
1702 2995 1842 3019 curatur.

1093 3032 1166 3062 468.
1193 3031 1324 3062 Comites
1338 3034 1440 3063 educit
1453 3033 1583 3071 asellas]
1617 3032 1722 3062 Velut
1738 3031 1889 3073 Poppaea

1049 3074 1132 3106 Vide
1147 3076 1213 3108 Sat.
1231 3077 1264 3110 2,
1288 3086 1356 3108 ver.
1376 3078 1449 3111 107.
1474 3079 1503 3110 δε
1520 3085 1592 3117 quae
1610 3084 1669 3106 nos
1686 3076 1740 3105 ibi.
