1948 3281
646 65 672 108 J
676 63 978 109 UVENALIS
1011 61 1224 106 SATIRA
1253 60 1310 105 V.

147 158 353 218 Quodque
371 153 523 212 aliquid
541 168 680 210 poscas
704 155 743 196 δε
758 154 868 210 quod
886 169 926 195 se
943 162 1072 195 stante
1093 153 1317 197 recumbas.

145 215 334 258 Maxima
353 227 527 268 quaeque
548 212 694 252 domus
711 211 830 252 servis
852 220 910 252 est
933 211 1048 266 plena
1068 210 1262 265 superbis.

147 274 257 314 Ecce
277 270 376 312 alius
399 278 550 326 quanto
569 267 741 322 porrexit
758 282 964 309 murmure
987 282 1131 322 panem

146 328 230 372 Vix
247 327 435 377 fractum,
459 325 694 380 solidaejam
715 325 876 366 mucida
896 325 1020 365 frusta
1041 324 1194 374 farinae,

149 385 257 442 Quae
277 382 500 439 genuinum
519 381 686 437 agitent,
708 397 791 423 non
814 381 1065 422 admittentia
1082 394 1281 430 morsum,

149 442 227 483 Sed
254 450 363 480 tener
384 439 422 480 «Sc
443 439 598 490 niveus,
622 439 814 493 mollique
836 437 993 493 siligine
1013 437 1142 478 factus

602 496 798 536 Dextram
816 495 1000 534 cohibere
1017 503 1239 535 memento.

842 551 966 607 Finge
990 560 1123 592 tamen
1146 560 1184 591 te

151 609 436 664 Improbulum
454 625 464 659 ;
499 620 675 663 superest
699 608 778 648 illic
797 608 864 662 qui
884 622 1029 661 ponere
1051 616 1182 663 cogat.

151 667 252 709 Vin’
272 675 315 706 tu
338 667 539 706 consuetis
562 668 687 706 audax
710 665 878 705 conviva
901 665 1082 704 canistris

152 723 334 777 Impleri,
368 723 558 778 panisque
579 722 635 762 tui
657 721 814 762 novisse
833 720 1006 761 colorem
1026 722 1040 761 ?

153 780 318 821 Scilicet
340 780 418 819 hoe
440 781 580 828 fuerat,
606 786 761 832 propter
783 777 891 832 quod
909 779 1016 831 saepe
1040 777 1175 818 relicta

152 499 339 539 Servatur
358 496 542 537 domino.

151 555 270 596 Salva
291 552 340 594 sit
362 561 529 606 artoptae
553 553 780 592 reverentia.

1775 67 1829 112 75

1335 157 1457 188 Etenim
1471 154 1638 199 'indignum
1658 164 1749 199 putat
1770 163 1837 193 obe-

1337 202 1400 230 dire
1416 202 1540 239 antiquo
1545 201 1710 239 familiari,
1726 207 1748 241 ⁶25
1761 207 1841 242 quod

1335 244 1374 272 ab
1386 254 1423 273 eo
1435 247 1523 282 petas
1533 244 1694 282 quidpiam,
1705 248 1837 284 quodque

1338 286 1502 316 discumbas
1513 287 1576 324 ipso
1586 288 1733 316 adstante.
1754 287 1841 320 Quoe-

1337 328 1408 358 libet
1423 329 1498 358 oedes
1511 338 1626 358 summa:
1641 330 1758 366 referta·
1769 336 1840 360 sunt

1328 371 1463 408 fizmuliae
1474 372 1692 410 arrogantibus.
1729 372 1780 401 En
1796 373 1840 402 al-

1340 418 1385 442 ter
1398 415 1486 452 quiim
1501 413 1614 453 magud
1637 418 1841 444 admurmura-

1268 436 1323 482 70
1340 457 1420 485 tione
1438 457 1532 485 tendit
1561 457 1616 485 tibi
1630 466 1740 494 panem
1763 457 1840 494 diffi-

1340 501 1436 527 culter
1448 498 1843 539 ruptum‚fragmenmjam

1340 542 1463 570 rancida
1490 541 1607 576 ,fizriuoe
1631 541 1741 577 firmoe,
1777 552 1842 579 quoe

1341 588 1447 612 vexerit
1472 584 1636 621 genuinum
1663 593 1717 612 nec
1741 584 1846 613 mandi

1341 625 1443 655 sinant
1481 626 1523 654 Aa
1541 627 1628 664 panis
1643 626 1739 655 mollis
1752 630 1842 664 atque

1343 669 1497 704 candidus,
1521 670 1543 705 ᾅ
1555 669 1647 703 farre
1662 672 1761 698 tenero
1773 678 1843 697 con-

1272 711 1440 766 75seclus
1491 710 1624 740 Patrono
1666 714 1843 741 reservatur.

1342 752 1464 781 Memor
1479 757 1540 781 :sto
1563 754 1693 783 ‹o'e'rcere
1716 763 1844 782 acanum.

1347 792 1374 822 V
1372 796 1531 824 erecundia
1547 799 1680 825 serretur
1695 805 1766 834 erga
1779 795 1843 825 Ar-

155 836 362 891 Coujuge,
397 850 462 890 per
483 844 664 876 montem
680 835 903 884 adversum,
921 835 1152 890 gelidasque
1167 833 1323 874 cucurri
1342 840 1460 875 ‘optem
1504 838 1647 867 Attamen
1674 837 1778 868 simula
1815 841 1845 867 te

153 894 372 947 EsquiliaS,
389 895 569 932 fremeret
589 893 694 933 saeva
709 906 802 931 eum
826 890 1019 946 grandine
1041 906 1183 932 vernus

152 949 311 1003 Jupiter
333 949 372 989 δι
387 950 517 989 multo
541 948 701 988 stillaret
725 949 868 1001 penula
888 947 1043 989 nimbo.

156 1005 308 1059 Aspice
330 1004 456 1060 quam
474 1005 595 1060 longo
618 1005 816 1046 distendat
838 1015 996 1059 pectore
1018 1005 1192 1054 lancem,

154 1063 264 1119 Quae
278 1063 401 1103 fertur
417 1062 582 1102 domino
599 1062 742 1117 squilla
759 1078 770 1113 3
806 1063 844 1102 ὃς
860 1061 1005 1117 quibus
1022 1062 1200 1117 undique
1217 1070 1326 1116 septa

1341 880 1508 918 paululum
1524 890 1672 918 nequam.-
1696 881 1781 910 adest
1804 880 1846 910 ibi

1342 922 1395 959 qui
1422 923 1529 961 adigat
1557 923 1712 952 dimittere.
1757 923 1845 961 Epu-

1344 963 1423 992 lator
1454 965 1661 1003 inverecunde,
1706 966 1844 1004 inquiet,

1273 1005 1327 1045 30
1342 1007 1423 1036 visne
1437 1008 1570 1036 saturari
1592 1008 1686 1036 solitis
1700 1007 1846 1045 corbibus,

1343 1050 1366 1086 is·
1395 1050 1440 1079 ΐιιὶ
1460 1050 1552 1088 panis
1580 1049 1702 1078 colorem
1728 1050 1845 1089 dignos-

1343 1092 1435 1121 cere?
1472 1092 1557 1121 Iclud
1591 1091 1692 1130 nempe
1719 1091 1845 1130 suerat,

155 1139 244 1177 cujus
251 1136 358 1177 gratui
374 1136 525 1165 ditwttene
539 1136 844 1174 uxoremfrequenter
852 1136 1011 1174 properavi
1018 1146 1073 1174 per
1086 1139 1209 1164 montem
1225 1135 1400 1173 oppositum,
1425 1137 1447 1172 ‹3-
1459 1135 1607 1174 exquilias
1609 1134 1761 1174 frigidas,
1775 1135 1845 1164 dum

156 1190 226 1209 vere
248 1179 385 1208 strideret
401 1178 523 1216 Jupiter
544 1178 611 1206 (Ιὶνά
631 1179 794 1217 grandine,
817 1182 864 1215 atr,
873 1188 908 1207 ue
924 1178 1046 1207 lacerna
1071 1179 1217 1216 difflueret
1243 1178 1334 1207 imbre
1350 1178 1491 1215 plurimo.

1541 1176 1615 1208 Vide
1634 1179 1723 1216 qudm
1748 1174 1847 1218 amplo

151 1227 274 1261 pectore
284 1222 412 1251 catinum
429 1222 548 1260 impleat
559 1220 683 1259 squilla,
704 1230 768 1259 quae
781 1220 914 1250 Patrono
927 1221 1100 1259 apponitur,
1122 1221 1259 1260 qualibus
1275 1220 1365 1250 etiam

203 1352 254 1383 65.
276 1351 455 1391 Recumbas]
478 1352 530 1383 Ad
546 1361 687 1382 mensam
700 1352 866 1382 accumbas
881 1358 978 1391 atque

162 1396 280 1433 sedeas,
296 1397 363 1434 ipso
378 1403 481 1426 stante
498 1398 524 1425 S:
543 1397 749 1426 ministrante.

203 1438 255 1468 66.
288 1439 430 1468 ΙΙΙαωὶηια
453 1448 573 1478 quaeque
600 1439 713 1474 domus,
736 1437 801 1475 330]
836 1438 979 1467 lnduunt

162 1481 247 1511 enirn
263 1481 343 1520 saepe
356 1482 557 1511 dominorum
575 1482 714 1510 indolem
742 1490 776 1509 ae
793 1489 896 1510 mores
919 1491 978 1510 ser-

162 1524 241 1560 vuli,
258 1525 285 1553 δε
303 1525 378 1562 quia
395 1534 510 1563 magno
525 1525 677 1560 serviunt,
691 1531 820 1563 magnos
833 1532 865 1552 se
881 1533 978 1563 repu-

163 1570 231 1594 tant
246 1567 415 1604 aliquando
428 1567 584 1597 nonnulli,

207 1608 257 1638 67,
281 1607 362 1637 Ecce
372 1610 450 1638 alius
463 1608 589 1647 quomo]
622 1609 697 1639 Jam
717 1608 787 1639 vide
803 1608 898 1647 quam
916 1618 982 1638 rus-

163 1649 226 1680 tice
249 1652 346 1688 quam
373 1651 532 1681 fastidiose
554 1661 658 1682 servus
684 1652 762 1681 alter
784 1661 901 1689 panem
927 1651 983 1681 tibi

164 1693 320 1722 ministrat
337 1702 478 1731 eumque
494 1694 714 1723 secundarium
728 1695 755 1723 ἀ
773 1698 968 1732 corruptum.

207 1735 258 1765 68.
287 1735 504 1773 Viscfmctnm]
525 1735 607 1766 Tam
621 1743 758 1766 veterem
769 1745 804 1765 ac
816 1735 930 1765 durum
949 1740 984 1766 ut

163 1778 219 1807 vix
234 1778 334 1817 frangi
346 1786 452 1816 queat.

207 1819 311 1849 Solidae
319 1821 388 1858 jam
405 1820 774 1859 mucidajiustafarinae]
808 1819 943 1850 Massam
965 1821 982 1850 ὲ

164 1862 264 1892 farina
281 1874 340 1902 pra:
356 1871 513 1893 vestutate
532 1864 696 1893 solidatam
711 1864 738 1892 δε
751 1862 939 1892 induratam.

208 1905 258 1935 69.
283 1906 463 1943 Geminum]
488 1907 609 1935 Dentes
635 1905 766 1944 fatigent
792 1905 888 1935 etiam
916 1915 983 1935 mo-

165 1947 245 1978 lares
276 1950 304 1977 &
335 1949 548 1985 validissimos,
572 1948 672 1987 qualis
693 1947 853 1988 genuinus.
899 1947 984 1978 Vide

165 1989 248 2019 Pers.
264 1991 328 2020 Sat.
350 1993 377 2019 1.
401 2001 417 2020 v
449 1993 516 2020 115.

207 2032 279 2062 Non
293 2033 485 2062 admittentia
501 2032 641 2071 morsum]
664 2033 728 2063 Prae
744 2034 841 2063 nimia
857 2033 980 2063 duritie.

212 2075 261 2104 70.
289 2075 382 2104 Tener
396 2076 418 2112 ξ
434 2075 549 2114 niz-eus]
575 2075 664 2105 Panis
677 2076 849 2115 siligineus,
865 2085 984 2115 recens,

168 2121 268 2153 tener,
285 2117 363 2146 nivis
378 2117 472 2146 instar
483 2118 642 2147 candidus.

210 2156 357 2198 Siligine]
379 2159 509 2189 Certum
538 2165 582 2190 est
608 2161 761 2190 frumenti
783 2169 883 2199 genus
899 2161 984 2191 exile

169 2201 298 2240 quidem
315 2208 345 2230 at
361 2201 534 2232 delicatum
549 2214 555 2230 ε
579 2202 664 2231 unde
680 2203 773 2231 tritici
790 2203 912 2232 delicias
929 2214 982 2233 vo-

167 2250 217 2273 cat
230 2243 349 2273 Plinius
361 2244 405 2273 lib
438 2245 483 2272 18⁴
508 2254 576 2283 cap.
601 2244 629 2273 8.
657 2245 683 2274 ἃ
702 2245 721 2275 9
756 2245 774 2274 ὲ
788 2244 911 2285 siligine
923 2255 980 2284 pa-

168 2295 243 2316 nem
259 2286 323 2315 fieri
346 2286 568 2324 lautissimum,
590 2287 644 2316 ait.

213 2331 262 2358 71.
291 2327 447 2369 cohibere]
468 2329 520 2359 Ab
549 2339 587 2359 eo
615 2339 699 2367 pane
727 2330 923 2369 similagineo
953 2332 981 2361 &

167 2371 257 2400 molli
276 2371 331 2409 qui
350 2371 492 2400 Domino
509 2378 689 2402 reservatur.

214 2415 264 2443 72.
287 2412 380 2442 Salva
408 2413 449 2442 sit
478 2414 617 2452 Artoplae
642 2412 821 2455 reverentia]
856 2413 988 2447 Custodi

166 2456 370 2485 reverentiam
387 2455 524 2494 Artoptoe
539 2457 677 2486 debitam
694 2469 700 2486 z
726 2462 823 2497 atque
849 2459 928 2488 adeo
943 2469 984 2489 ne

167 2498 268 2527 alium
296 2507 412 2536 panem
440 2508 546 2536 quaere
571 2505 628 2529 aut
654 2509 758 2537 sume,
781 2509 879 2539 quam
909 2512 983 2532 eum

169 2548 267 2577 quem
284 2540 340 2569 tibi
354 2540 488 2570 destinat
504 2542 531 2571 Sc
545 2543 688 2579 apponit.

209 2581 362 2622 Artoptae]
377 2582 520 2621 Arzoples
534 2584 587 2614 hic
601 2584 682 2613 bene
698 2585 882 2625 intelligitur
897 2588 984 2625 panis

167 2623 371 2664 dispensator,
393 2625 431 2654 ab
447 2626 546 2665 ἆςτΘ-
564 2626 665 2665 panis,
679 2629 709 2656 δε
735 2626 867 2666 ὅπτομαι
888 2630 985 2668 video,

167 2674 224 2694 seu
240 2666 374 2704 inspicio.
419 2667 464 2698 Ita
481 2669 609 2708 quidem
627 2670 704 2708 legit
715 2669 815 2699 Vetus
830 2672 934 2702 Schol.
952 2678 985 2702 at

167 2709 317 2746 explicat,
339 2710 446 2747 pistor,
471 2712 560 2750 quasi
575 2712 612 2740 ab
628 2709 742 2748 ὅπτίιω,
756 2716 863 2742 torreo.
896 2715 984 2744 Alias

166 2754 290 2788 artopta
317 2760 368 2780 vas
394 2760 440 2781 est
469 2763 524 2783 seu
556 2755 818 2794 instrumentum,
855 2757 890 2786 in
919 2767 985 2796 quo

167 2801 264 2829 panes
292 2794 486 2825 torrebantur
510 2798 538 2825 Sc
566 2798 803 2834 coquebantur:
829 2808 867 2828 eo
889 2809 984 2830 sensu

166 2835 299 2865 Plautus
327 2843 455 2874 usurpat
479 2838 589 2869 Aulul.
614 2840 662 2869 Sc.
685 2840 730 2869 12.
755 2839 833 2870 Plin.
859 2841 915 2871 lib.
935 2843 981 2872 18.

167 2886 236 2914 cap.
255 2880 303 2906 11.
326 2879 439 2916 accipit
455 2890 510 2918 pro
526 2882 659 2911 muliere
678 2882 818 2920 panifica.
876 2883 938 2913 Ubi
955 2885 984 2914 <Sc

167 2920 297 2958 pistores
314 2918 421 2950 Romae
439 2932 505 2952 non
533 2923 628 2953 fuisoe
653 2932 727 2954 ante
751 2925 869 2955 bellum
887 2926 983 2955 Persi-

167 2971 256 2999 cum,
278 2962 369 2991 annis
391 2964 429 2993 ab
444 2964 528 2995 Urbe
541 2966 670 2997 condita
683 2977 778 3006 super
794 2968 867 2996 580.
883 2976 982 2998 anno-

168 3009 223 3036 tat.
267 3003 406 3038 Quidam
427 3007 552 3049 legunt,
575 3010 740 3051 Artocopi,·
776 3011 982 3051 interpretan-

1023 1354 1139 1389 turque
1152 1362 1269 1393 panem
1287 1362 1362 1382 cum
1377 1353 1481 1382 labore
1499 1350 1621 1381 factum
1641 1351 1659 1380 a
1672 1347 1784 1389 n6vr&,
1799 1350 1843 1382 la-

1024 1393 1074 1422 bor
1086 1405 1096 1425 ,-
1120 1396 1172 1424 sed
1187 1397 1297 1434 partim
1313 1396 1352 1425 ad
1368 1405 1443 1425 iem.

1065 1436 1165 1478 Finge
1183 1443 1279 1468 ffamen
1297 1443 1326 1467 te
1342 1433 1553 1477 improbulum]
1576 1434 1670 1469 Quod
1700 1437 1725 1466 si
1751 1436 1846 1467 fueris

1021 1481 1120 1518 paulo
1131 1481 1287 1518 audacior,
1301 1480 1520 1519 extendasque
1532 1488 1665 1508 manum
1678 1479 1710 1509 in
1724 1488 1843 1517 panem

1022 1523 1114 1553 illum
1133 1523 1345 1554 delicatiorem

1068 1567 1117 1597 73.
1141 1566 1359 1606 Improbulum]
1383 1565 1491 1596 Minus
1508 1565 1655 1596 timidum
1671 1573 1707 1594 ac
1720 1564 1844 1603 puden-

1025 1614 1103 1646 tem,
1127 1610 1392 1647 inverecundum,
1416 1609 1691 1648 importuniorem.

1066 1651 1206 1690 Superest
1221 1653 1284 1681 illic
1300 1652 1362 1690 qui,
1385 1649 1454 1692 ξω]
1490 1652 1639 1690 Artoptes
1663 1649 1726 1679 illic
1751 1652 1843 1688 astat,

1027 1696 1082 1733 qui
1098 1696 1252 1725 abstinere
1264 1695 1401 1733 jubebit,
1424 1695 1672 1732 increpabitque.

1070 1738 1120 1768 74.
1148 1736 1213 1766 Vin'
1240 1742 1273 1767 tu
1297 1738 1456 1774 consuetis,
1476 1736 1540 1774 ξω]
1575 1736 1683 1765 Verba
1698 1740 1772 1765 sunt
1785 1734 1847 1765 Ar·

1027 1784 1123 1818 toptae
1140 1780 1395 1810 inverecundiam
1420 1780 1558 1809 conviva:
1575 1778 1752 1817 castigantis
1766 1789 1772 1805 :
1801 1786 1844 1808 an

1027 1823 1101 1861 ergo
1113 1832 1177 1852 nou
1194 1828 1364 1852 contentus
1380 1822 1437 1851 eris
1454 1831 1537 1860 pane
1553 1821 1608 1850 tibi
1621 1826 1772 1851 consueto
1786 1819 1800 1849 ἒ

1070 1864 1234 1902 Canistris]
1257 1864 1342 1893 Pane
1358 1865 1390 1894 in
1407 1864 1549 1901 cophinis
1564 1868 1726 1893 contento.
1775 1861 1847 1891 Me·

1028 1913 1150 1945 tonym.

1049 1948 1427 1991 75.Colorem]Subatrum
1434 1948 1557 1987 ‚utpote
1566 1947 1739 1978 secundarii
1749 1946 1848 1984 panis.

1070 1991 1120 2021 76.
1144 1993 1265 2022 Scilicet
1278 1990 1463 2032 hocfuemt]
1486 1991 1668 2029 Respondet
1684 1990 1782 2019 cliens
1798 1989 1846 2018 in-

1026 2034 1266 2073 dignabundus:
1291 2045 1331 2064 an
1355 2037 1450 2075 igitur
1474 2034 1546 2062 istas
1569 2034 1610 2062 ob
1626 2033 1705 2062 viles
1728 2032 1839 2070 epulas

1026 2082 1073 2106 tot
1089 2078 1196 2116 vigiliis
1214 2080 1242 2108 <Sc
1259 2078 1414 2108 laboribus
1433 2075 1603 2113 perfungor
1617 2073 1764 2104 dudum?

1067 2118 1190 2149 Relicta
1211 2120 1354 2161 conjuge]
1378 2122 1514 2150 Summo
1537 2127 1632 2148 mane
1654 2125 1794 2155 surgens,
1817 2116 1846 2146 δε

1025 2171 1175 2192 somnum
1187 2165 1441 2202 interrumpens;
1466 2166 1502 2191 ut
1516 2167 1564 2190 est
1578 2161 1683 2198 supra,
1706 2168 1738 2187 v.
1754 2159 1802 2189 19.

1068 2207 1118 2235 77.
1143 2205 1279 2235 Mentem
1294 2203 1464 2243 adversum]
1498 2202 1658 2240 Arduum,
1680 2201 1737 2239 qui
1752 2200 1845 2230 toties

1025 2246 1087 2277 fuit
1101 2249 1312 2286 superandus.

1069 2290 1252 2329 Gelidasque
1282 2292 1400 2321 cucurri
1434 2286 1605 2329 Esquilias]
1651 2285 1846 2324 Exquilinam

1027 2333 1140 2362 collem
1160 2335 1262 2364 ventis
1277 2335 1474 2372 expositum,
1502 2332 1536 2362 in
1551 2332 1601 2368 cuj
1608 2340 1642 2360 us
1659 2329 1784 2367 regione
1798 2328 1844 2358 di·

1029 2376 1107 2404 vites
1123 2376 1308 2407 habitabant
1362 2376 1444 2405 Vide
1461 2376 1524 2404 Sat.
1541 2375 1570 2403 3.
1594 2382 1614 2401 v
1642 2374 1692 2401 71.

1070 2418 1121 2448 78.
1150 2418 1262 2449 Vernus
1283 2418 1418 2457 Jupiter]
1443 2416 1505 2447 Aer
1527 2425 1630 2445 vernae
1653 2412 1846 2451 tempestatis

1027 2460 1108 2499 saepe
1137 2467 1286 2492 ventosus
1315 2464 1343 2491 δι
1369 2461 1543 2490 nimbosus.
1590 2455 1651 2487 A'e'r
1674 2456 1703 2485 δι
1725 2455 1846 2486 coelum

1025 2502 1155 2542 Jupiter
1169 2509 1310 2542 vocatur,
1334 2513 1375 2533 ex
1391 2502 1541 2532 Varrone.

1071 2546 1121 2576 79.
1144 2546 1278 2584 Fen-ula]
1305 2545 1439 2575 Pallium
1464 2550 1513 2573 est
1538 2541 1682 2573 adversus
1712 2539 1844 2579 pluvias.

1029 2587 1096 2618 Cic.
1114 2598 1170 2626 pro
1187 2588 1318 2617 Milone.
1367 2587 1406 2616 In
1420 2587 1703 2624 rheda‚penulatus‚
1721 2584 1778 2612 Sec.

1068 2630 1193 2668 Nimbo]
1217 2628 1402 2668 Repentinis
1423 2629 1586 2666 imbribus,
1609 2626 1719 2667 quales
1745 2623 1845 2655 ferme

1027 2672 1106 2702 circa
1123 2673 1320 2711 aequinoctia.

1070 2716 1120 2745 81.
1143 2714 1276 2753 squilla]
1299 2715 1414 2744 Parvus
1429 2720 1475 2744 est
1490 2714 1593 2752 piscis,
1615 2717 1646 2742 at
1661 2712 1777 2750 saporis
1792 2720 1847 2740 ex-

1027 2757 1145 2795 quisiti,
1167 2757 1230 2786 alio
1255 2758 1388 2787 nomine
1407 2757 1568 2795 pinnotem
1594 2756 1621 2785 δε
1639 2751 1847 2794 pinnophylaae

1027 2800 1129 2828 dictus
1146 2799 1257 2829 Plinio.
1302 2799 1387 2829 Cum
1398 2800 1531 2829 audisset
1546 2799 1598 2829 ille
1612 2797 1748 2827 famosus
1758 2796 1847 2824 lurco

1027 2841 1163 2879 Apicius
1178 2841 1306 2879 squillas
1318 2842 1350 2871 in
1363 2842 1463 2881 Libya
1476 2842 1610 2879 majores
1624 2839 1723 2878 quam
1737 2838 1846 2866 Romae

1028 2884 1165 2922 reperiri,
1177 2894 1285 2914 earum
1306 2884 1455 2914 desiderio
1469 2886 1496 2914 δι
1509 2883 1693 2922 cupiditate,
1705 2881 1780 2910 illuc
1793 2888 1851 2908 na-

1029 2926 1160 2965 vigavit:
1178 2927 1263 2965 quod
1273 2927 1366 2956 refert
1377 2927 1497 2957 Suidas.
1514 2926 1624 2956 Horat.
1637 2924 1728 2953 1ib.2.
1742 2922 1807 2951 Sat.
1820 2921 1851 2951 8.

1097 2968 1126 2997 A
1120 2969 1238 3008 fferlur
1251 2968 1377 3007 squillas
1390 2970 1469 3000 inter
1484 2968 1627 2998 Muraena
1643 2968 1786 2996 natantes

1103 3011 1260 3052 Inpatimi
1269 3015 1426 3052 porrecta,
1449 3013 1508 3044 &a
