1948 3281
612 76 954 123 JUVENALIS
987 75 1205 119 SATIRA
1235 76 1316 120 VI.

94 178 241 232 Erepct
263 171 450 231 genibus.

89 464 157 505 En
185 463 383 513 animam,
419 462 459 502 Sc
491 470 692 511 mentem,
729 473 827 501 cum
853 473 934 515 qua

204 530 399 576 quantur·

89 580 201 634 Ergo
216 579 284 619 hic
300 577 554 633 praecipuum
571 589 867 631 summumque
882 573 1283 625 mereturhonorem,

85 636 175 693 Qui
194 650 314 692 grege
334 635 501 692 linigero
516 634 809 683 circumdatus,
828 633 868 674 &
883 646 1003 689 grege
1017 630 1131 673 calvo

91 693 329 750 plangentis
354 692 494 748 populi
512 692 635 733 currit
657 690 809 733 derisor
830 689 1008 731 Anubis.

87 751 164 792 Ille
187 752 287 807 petit
311 751 485 801 veniam,
511 749 672 805 quoties
693 763 778 789 non
799 746 974 789 abstinet
996 760 1100 788 uxor

84 808 329 850 Concubitu
353 808 474 850 sacris
495 805 839 861 observandisque
861 805 1003 846 diebus
1022 821 1032 846 ε

858 899 865 905 .
910 875 1015 905 diebus
1027 874 1142 905 sanctis
1155 875 1177 913 ‘S
1193 874 1336 906 colendis.

87 883 137 909 tur
151 879 391 918 quotiescumque
404 888 464 908 non
481 880 630 916 temperat
645 875 759 915 conjux
804 897 813 907 .

514 171 557 212 Si
580 167 931 225 candidajusserit
956 169 1019 220 Io,

93 235 176 276 Ibit
197 233 246 274 ad
270 229 441 286 AEgypti
465 229 605 280 finem,
631 228 843 283 calidaque
862 226 1005 282 petitas

92 293 136 333 A
158 291 302 332 Meroe
326 286 501 344 portabit
525 301 668 342 aquas,
694 297 738 326 ut
762 294 922 341 spargat
944 284 986 325 in
1009 282 1097 325 aede

93 348 230 397 Isidis,
255 348 427 402 antiquo
449 360 543 400 quae
568 343 753 399 proxima
775 342 905 398 surgit
927 340 1038 383 ovili.

89 405 236 448 Credit
257 405 368 445 enim
391 403 520 458 ipsius
543 402 723 443 dominae
747 416 788 442 se
811 415 910 442 voce
940 396 1115 440 moneri.

1745 83 1822 125 113

1205 167 1287 207 525)
1303 177 1453 207 campum.
1498 168 1533 198 Si
1548 169 1618 200 alba
1639 171 1673 201 Io
1692 172 1819 212 impera.

1302 212 1392 251 verit,
1445 217 1554 253 perge!
1594 214 1637 243 ad
1680 218 1819 247 terminos

1301 253 1447 294 AEgypli,
1467 258 1489 294 ᾀ-
1506 256 1633 286 haustas
1646 258 1683 287 ab
1697 261 1819 290 ardenli

1301 297 1412 327 Meroe
1428 300 1528 328 undas
1542 298 1665 337 iffi-et,
1681 310 1756 338 qaas
1771 304 1818 341 ef-

1291 340 1415 378 fundat
1428 342 1461 371 in
1479 342 1602 380 Templo
1619 342 1722 381 Isidis,
1740 355 1777 384 qu
1785 347 1819 375 nl

1302 389 1432 415 ereclum
1443 389 1487 415 est
1499 394 1595 424 prope
1604 390 1734 416 veterem
1745 398 1818 418 cau-

1010 455 1032 463 „
1302 425 1372 458 lam.
1413 427 1496 458 Nam
1516 432 1612 466 putat
1633 439 1664 458 se
1692 430 1820 461 incitant

961 457 1036 499 Du
1066 465 1190 498 nocte
1222 455 1286 498 ¹0·-
1300 472 1398 502 verbis
1409 472 1505 510 ipsius
1520 472 1604 502 Deoe.
1652 472 1734 502 Ecce
1747 475 1815 503 aui-

1203 515 1227 555 5
1233 515 1289 556 30
1301 523 1379 544 mam
1391 517 1413 554 23·
1425 519 1553 544 mentem
1568 526 1635 544 cum
1648 525 1708 554 qua
1723 521 1816 547 noctu

1299 556 1437 589 Numina
1472 568 1636 588 sermonem
1675 558 1816 590 habeant.

1297 601 1373 632 Illic
1387 602 1487 642 igilur
1496 602 1628 641 primam
1649 612 1688 631 ac
1710 613 1814 642 supre-

1295 654 1375 674 mam
1391 645 1613 675 venerationem
1634 645 1818 684 adipiscilur

1295 689 1348 726 qai
1357 688 1445 718 turb&
1454 688 1496 718 lin
1502 688 1817 731 umserentecinctus,

1296 734 1390 770 atq-ue
1406 732 1496 762 ἰῑινύά
1513 732 1617 770 capite
1635 742 1702 761 raso
1711 733 1817 772 plebis

1297 775 1432 814 lageniis
1445 778 1580 815 vagatur
1597 775 1715 806 Anubis
1740 775 1814 806 irri-

1199 805 1281 846 535
1295 829 1354 848 sor.
1392 818 1453 848 Hic
1467 817 1692 860 indulgentiam
1703 828 1814 860 preca·

131 1011 276 1042 cruentis
287 1010 428 1050 genibus]
444 1008 606 1040 Nimirum
618 1008 697 1039 laesis
714 1007 924 1046 offendiculo,

84 1055 118 1085 in
133 1056 193 1085 via.
243 1054 462 1085 Cruentabant
479 1054 507 1082 Sc
522 1053 580 1092 ipsi
595 1062 627 1081 se
639 1053 742 1082 cultro
756 1051 861 1082 stolidi
876 1051 924 1081 illi

84 1098 213 1128 isiaci&
229 1097 361 1137 Cybelae
380 1097 554 1127 Antistites.
600 1095 651 1125 Sic
667 1097 693 1124 ἃ
711 1096 765 1125 lib.
785 1096 817 1124 3.
862 1095 922 1125 Re-

80 1151 175 1182 gum,
191 1148 260 1180 cap.
280 1141 331 1171 18.
347 1149 404 1171 art.
418 1141 470 1171 28.
514 1139 688 1169 Sacerdotes
704 1137 790 1168 Baal
808 1138 922 1169 incide·

82 1186 157 1214 bant
179 1195 223 1222 se,
242 1185 341 1223 juxta
367 1185 458 1214 ritum
483 1194 580 1221 suam,
602 1181 709 1211 cultris
727 1184 749 1219 ᾅ-
764 1181 920 1219 lanceolis,

80 1227 176 1258 donec
187 1228 447 1267 perfunderentur
457 1227 615 1259 sanguine.
659 1225 741 1255 Vide
754 1226 865 1255 Senec.
881 1226 922 1255 de

80 1269 162 1301 Vita
178 1273 270 1301 beata
284 1282 353 1310 cap.
369 1273 421 1301 27.
438 1272 490 1301 ubi
508 1274 535 1299 ἃ
552 1271 595 1300 sic
619 1269 737 1298 habet:
767 1278 833 1299 cum
860 1268 919 1299 ali-

79 1324 140 1353 qua
149 1314 276 1353 genibus
287 1315 435 1353 perviam
450 1323 556 1353 repens
567 1311 681 1350 ululat,
699 1313 756 1343 dcc.

125 1359 198 1388 525.
222 1358 371 1397 Jusseric]
396 1359 452 1387 Per
468 1357 685 1387 Sacerdotem.

125 1400 268 1431 Candida
283 1401 334 1439 Io]
357 1400 445 1430 Nota
459 1411 500 1431 ex
513 1401 607 1430 Ovid.
620 1400 875 1438 Metamorphos.
890 1403 918 1431 1.

79 1442 158 1474 fab.
174 1446 222 1475 10.
269 1444 429 1475 Nimirum
445 1444 481 1474 lo
497 1444 608 1474 Inachi
623 1443 686 1472 filia
698 1443 731 1472 in
747 1443 915 1475 candidam

80 1489 207 1518 vaccam
230 1489 247 1518 a
269 1487 353 1518 Jove
376 1492 512 1525 mutata,
535 1493 608 1526 post
632 1487 830 1524 recuperavit
853 1487 914 1517 for-

76 1539 166 1560 mam
190 1532 327 1570 priorem
354 1531 388 1560 in
411 1529 566 1570 AEgypto‚
591 1531 646 1560 ubi
669 1530 779 1568 nupsit
802 1530 916 1561 Osiridi

76 1572 156 1613 Regi
169 1586 175 1603 z
209 1573 370 1614 AEgyptiis
383 1574 500 1605 deinde
518 1580 584 1604 tam
598 1584 679 1611 cara,
698 1578 734 1604 ut
747 1579 817 1612 post
831 1584 913 1604 mor-

74 1621 145 1646 tem
169 1618 202 1647 in
226 1618 331 1648 Deam
357 1625 539 1648 consecrata
561 1619 599 1648 ab
624 1619 668 1648 eis
690 1617 798 1655 fuerit,
814 1624 914 1657 atque

74 1658 131 1690 {sis
143 1661 318 1699 appellata,
331 1661 483 1691 institutis
495 1661 531 1691 in
548 1662 575 1700 ej
583 1671 616 1692 us
632 1662 788 1692 honorem
804 1662 916 1701 Sacris,

76 1711 150 1741 quae
167 1704 265 1733 Isiaca
280 1705 363 1733 dicta
377 1710 465 1734 sunt.

119 1746 192 1776 526.
216 1746 366 1787 AE'gypti]
406 1748 484 1778 Haec
511 1746 627 1777 Africae
652 1748 737 1787 regio
763 1747 859 1778 literis
884 1751 912 1779 Sc

71 1790 167 1819 sacris
185 1792 211 1819 ἃ
230 1791 368 1829 profanis
381 1791 561 1829 decantata,
573 1800 609 1820 ac
626 1791 677 1820 vel
692 1800 758 1820 uno
774 1789 912 1822 flumine

72 1830 149 1861 Nilo
166 1834 305 1864 celebris.
350 1834 455 1871 Adde,
471 1835 497 1863 si
512 1834 569 1871 vis,
588 1834 789 1873 Memphim,
807 1834 835 1863 δι
849 1834 911 1874 Py-

69 1876 236 1906 ramidum
254 1878 416 1908 miracula.
462 1876 602 1907 Martial.

115 1918 303 1959 calidaque]
331 1922 398 1951 Sub
414 1919 506 1949 Zona
523 1921 647 1957 torrida,
663 1921 719 1950 ubi
731 1919 851 1950 Mero'e'.

115 1962 190 1993 527.
214 1963 339 2003 Meroe]
364 1965 444 1995 Haec
464 1963 560 1993 hodie
584 1963 756 2004 Gueguere.
803 1964 909 1996 Insula

71 2006 221 2036 omnium
239 2016 318 2045 quas
331 2009 426 2038 Nilus
439 2007 551 2045 ambit,
566 2008 708 2037 maxima
722 2018 730 2045 3
756 2008 863 2046 clypei
875 2009 908 2038 fi-

68 2057 187 2086 guram
200 2050 345 2089 exhibet,
361 2050 502 2081 metallis
513 2050 599 2079 dives
613 2055 674 2088 est,
686 2060 809 2081 nomen
819 2061 908 2081 acce-

69 2091 120 2138 pit
135 2091 153 2119 a
167 2101 272 2122 sorore
297 2093 463 2133 Cambysis
487 2092 582 2132 Regis
597 2093 762 2124 Persarum
781 2095 825 2124 ibi
840 2094 907 2126 fato

68 2133 194 2165 iuncta.
240 2134 290 2165 Ita
312 2137 469 2166 Herodot.
485 2137 609 2174 Strabo,
632 2137 792 2168 Diodorus
816 2138 906 2170 Sicu-

68 2175 131 2213 lus,
159 2179 220 2208 &c.
265 2179 424 2209 Attamen
451 2180 641 2212 recentiores
666 2180 762 2221 longe
786 2181 905 2212 dissen-

67 2219 156 2250 tiunt
171 2222 209 2251 ab
226 2223 366 2262 antiquis
390 2223 466 2252 illis:
491 2223 764 2262 contenduntque
779 2225 905 2255 nullam

66 2262 102 2291 in
129 2262 295 2304 AEthiopia
324 2267 342 2295 a
367 2265 443 2296 Nilo
470 2265 613 2295 Insulam
642 2265 735 2296 effici.
787 2267 906 2307 Neque

67 2314 142 2335 vero
153 2308 227 2337 satis
243 2314 370 2339 constat
386 2308 464 2347 quid
482 2310 579 2338 modo
595 2309 636 2338 sit
647 2308 766 2339 Meroe.

109 2348 190 2379 AEde
202 2351 309 2390 Isidis]
332 2353 433 2383 Vetus
450 2352 557 2381 Schol.
601 2352 639 2383 In
662 2352 781 2382 Martio
797 2363 903 2393 campo

70 2390 221 2430 Templum
235 2394 329 2425 Isidis
343 2399 503 2425 vetustum.

110 2436 185 2467 528.
207 2438 316 2477 Isidis]
339 2439 421 2468 Vide
443 2438 604 2468 Plutarch.
623 2438 663 2468 de
678 2438 758 2469 Iside
773 2440 802 2469 Sc
819 2440 902 2472 Osir.

64 2478 199 2552 {Diodor.
221 2481 322 2512 Sicul.
342 2482 395 2512 lib.
418 2484 445 2512 1.
469 2492 495 2511 c.
512 2483 543 2512 2.
588 2481 672 2512 Coel.
691 2482 828 2523 Rhodig.
846 2484 900 2516 lib.

90 2544 95 2550 .
112 2531 140 2550 c.
161 2524 207 2554 12.

106 2564 254 2596 Proxima
273 2570 372 2610 surgit
388 2568 477 2607 ovili]
500 2569 601 2607 Prope
621 2578 699 2598 eum
713 2570 836 2607 locum,
850 2571 903 2600 ubi

62 2605 224 2647 Romulus,
241 2612 263 2648 85
274 2616 414 2651 pastores
430 2616 620 2642 assuererunt
632 2622 744 2650 pecora
754 2623 879 2652 pascere
887 2625 902 2650 ;

58 2655 115 2680 aut
144 2651 276 2692 Regiam
299 2656 373 2685 dicit
400 2655 535 2693 Romuli,
557 2659 580 2693 t}-
601 2654 771 2685 Palatium.
815 2656 897 2690 Quae

62 2694 195 2731 quidem
211 2697 255 2725 ait
270 2703 362 2728 vetus
379 2700 488 2729 Schol.
535 2699 661 2728 Dicunt
683 2700 737 2728 alii
759 2699 896 2738 Tarqui-

57 2738 190 2784 niorum
207 2740 301 2769 ovilia
317 2742 360 2770 ibi
370 2742 476 2772 fuisse.
522 2742 636 2772 Malim
653 2752 712 2779 ego
735 2753 811 2773 cum
828 2744 896 2774 aliis

59 2780 240 2821 intelligere
256 2784 363 2822 Septa,
376 2785 408 2814 id
424 2791 483 2823 est,
499 2786 570 2815 loca
584 2786 619 2814 in
635 2785 762 2824 Campo
777 2786 894 2816 Martio

60 2823 175 2870 tabulis
190 2826 436 2865 circumcincta,
465 2829 505 2858 ob
526 2829 771 2858 similitudinem
789 2830 893 2860 Ovilia

59 2865 158 2895 d1cta:
184 2868 216 2897 in
234 2870 350 2908 quibus
370 2870 512 2909 Populus
527 2872 690 2902 Romanus
714 2872 754 2901 ad
766 2872 896 2903 ferenda

56 2909 205 2949 suffragia
230 2913 449 2944 claudebatur.
494 2915 575 2944 Vide
600 2915 663 2944 Tit.
681 2914 750 2943 Liv.
769 2916 826 2945 lib.
842 2916 894 2947 26.

59 2961 128 2990 cap.
147 2954 195 2982 ἐφ’.
215 2956 270 2984 nbi
284 2957 326 2985 sic
342 2956 455 2987 habet:
490 2958 593 2987 datum
614 2959 727 2987 secreto
751 2957 784 2986 in
813 2958 896 2989 Ovili

57 3004 123 3024 cam
139 2996 185 3025 his
200 2999 386 3036 colloquendi
400 3004 525 3039 tempus,
574 3002 671 3039 Septa
695 3002 763 3031 haec
786 3002 897 3040 postea

58 3040 235 3077 excellenti
265 3043 357 3081 cultu
383 3053 559 3079 marmorea
587 3044 672 3077 facta
697 3049 771 3077 suut
785 3055 796 3089 5
840 3046 896 3077 ha-

896 3088 915 3129 Ι

968 1007 1178 1047 bueruntque
1213 1005 1356 1046 porticus
1384 1003 1537 1045 egregias.
1598 1005 1685 1037 Vide
1711 1008 1806 1039 Alex.

967 1051 1006 1081 ab
1025 1051 1123 1081 Alex.
1141 1051 1197 1080 lib.
1213 1051 1245 1079 2.
1259 1059 1329 1088 cap.
1351 1048 1402 1078 18.

1011 1095 1088 1125 529.
1112 1092 1268 1131 Dominae]
1297 1092 1400 1124 Isidis.

1011 1139 1085 1168 530.
1109 1137 1161 1167 En
1187 1137 1322 1166 animam
1348 1137 1372 1173 ξς
1397 1134 1542 1175 mentem]
1581 1136 1687 1168 Itonia
1716 1130 1807 1168 valde

965 1181 1054 1212 salsa.
1099 1181 1229 1211 Scilicet
1241 1189 1317 1210 cum
1332 1180 1466 1219 impuris
1481 1179 1534 1208 Dii
1549 1181 1784 1220 colloquuntur
1795 1194 1804 1211 :

965 1231 1023 1254 aut
1052 1234 1107 1263 per
1133 1224 1299 1254 somnium
1326 1227 1572 1261 praemonstrant
1600 1224 1722 1262 futura,
1746 1231 1806 1255 aut

963 1277 1056 1299 suam
1079 1267 1222 1297 indicant
1245 1267 1459 1297 voluntatem.
1506 1264 1603 1296 Porro
1625 1268 1734 1297 anima
1749 1279 1805 1298 vo-

963 1317 1065 1349 catur,
1082 1311 1147 1350 qua
1161 1311 1320 1348 vivimus,
1345 1318 1437 1339 mens
1454 1309 1505 1339 vel
1516 1310 1659 1348 animus,
1672 1320 1739 1350 quo
1755 1312 1803 1342 in-

963 1354 1140 1395 telligimus
1154 1355 1182 1383 &
1198 1354 1351 1392 sapimus.

1006 1400 1080 1428 532.
1105 1396 1167 1430 Qui
1175 1407 1273 1437 grege
1288 1394 1430 1437 linigero]
1455 1395 1612 1426 Summus
1624 1397 1782 1429 Antistes.

1005 1442 1107 1482 Grege
1122 1441 1252 1481 linigero
1274 1438 1494 1477 circumdatus]
1523 1438 1630 1469 Choro
1655 1441 1803 1472 Sacerdo-

960 1489 1033 1515 tum
1050 1484 1138 1515 lsidis
1161 1484 1351 1514 indutorum
1374 1482 1465 1512 lineis
1490 1483 1632 1512 vestibus
1659 1484 1802 1515 Sueton.

958 1528 1085 1559 Othon.
1098 1537 1169 1566 cap.
1187 1528 1234 1557 1⁶2.
1278 1526 1375 1556 Sacra
1391 1525 1482 1554 etiam
1493 1525 1586 1556 Isidis·
1600 1526 1678 1565 saepe¹
1692 1527 1724 1557 in
1740 1528 1800 1557 lin-

958 1574 1009 1601 tea
1025 1572 1226 1613 religiosaque
1239 1574 1322 1600 veste
1327 1567 1493 1609 propalam
1508 1567 1680 1600 celebravit.
1717 1570 1802 1602 Vide

957 1615 1060 1654 Apul.
1079 1616 1216 1645 Metam.
1236 1614 1298 1644 ult.

1003 1659 1106 1699 Grege
1134 1658 1222 1688 calvo
1240 1656 1425 1699 plangentis·
1447 1655 1571 1695 populi]
1601 1656 1672 1686 Plin
1697 1656 1752 1686 lib.
1769 1657 1800 1686 8.

956 1712 1027 1741 cap.
1043 1703 1095 1732 46.
1139 1700 1214 1740 Bos,
1229 1701 1350 1740 inquit,
1371 1700 1405 1730 in
1419 1698 1554 1740 AEgypto
1574 1699 1718 1729 Numinis
1735 1700 1799 1731 vice

956 1746 1077 1776 colitur.
1120 1744 1213 1783 Apim
1225 1748 1335 1775 vocant
1338 1764 1564 1775 .....
1600 1742 1673 1772 Non
1684 1747 1731 1772 est
1738 1743 1799 1779 fas

955 1797 1021 1817 eum
1035 1792 1131 1818 certos
1144 1789 1214 1818 υἱέας
1228 1788 1370 1818 excedere
1381 1796 1489 1824 annos,
1499 1795 1686 1824 mersumque
1695 1787 1725 1814 in
1738 1786 1795 1816 Sa-

954 1832 1107 1861 cerasetum
1134 1831 1230 1867 finite
1254 1833 1382 1860 enecant
1403 1829 1560 1868 quoesituri
1579 1830 1666 1858 luctu
1685 1828 1796 1867 alium,

953 1884 1040 1912 quem
1055 1874 1242 1904 substituant
1252 1883 1266 1908 ,⁴
1294 1875 1317 1911 ξς
1331 1874 1425 1902 donec
1439 1872 1618 1907 invenerint,
1642 1877 1770 1902 moerent
1779 1884 1795 1907 ,-

954 1918 1068 1947 derasis
1083 1917 1175 1947 etiam
1188 1916 1352 1956 capitibus,
1367 1917 1426 1945 &c.
1470 1915 1599 1954 Insigne
1614 1913 1654 1951 ei,
1667 1915 1699 1943 in
1715 1915 1792 1944 deae-

953 1963 999 1989 tro
1017 1961 1111 1990 latere
1124 1961 1289 1990 candicans
1301 1958 1435 1996 macula,
1458 1958 1596 1988 cornibus
1610 1955 1707 1986 Lunae
1728 1967 1793 1987 cre-

950 2013 1033 2033 scere
1043 2004 1218 2043 incipientis
1226 2014 1240 2038 ;
1264 2005 1286 2041 ξς
1301 2003 1398 2032 nodus
1409 2001 1464 2032 sub
1479 2000 1602 2040 lingua,
1618 2009 1702 2037 quem
1717 2010 1792 2031 can-

953 2046 1073 2077 tharum
1089 2047 1266 2086 appellant.
1300 2045 1380 2076 Ibid.
1404 2044 1480 2074 Vid.
1494 2045 1523 2073 δε
1540 2043 1673 2073 Diodor.
1689 2043 1789 2073 Sicul.

949 2090 1006 2122 lib.
1019 2092 1050 2121 2.
1068 2101 1095 2120 c.
1110 2093 1140 2120 4.
1155 2091 1213 2120 διο.
1262 2090 1363 2120 Cicer.
1381 2090 1409 2117 1.
1426 2087 1466 2117 de
1482 2087 1556 2117 Nat.
1576 2086 1672 2116 Deor.
1689 2096 1721 2116 n.
1735 2087 1788 2116 83.

950 2133 1094 2164 Macrob.
1111 2134 1166 2164 lib.
1183 2135 1211 2164 1.
1231 2133 1360 2163 Saturn.
1374 2141 1444 2170 cap.
1459 2131 1513 2160 22.
1529 2131 1588 2160 δερ.

993 2179 1067 2209 533.
1095 2176 1216 2216 Currit]
1239 2176 1294 2206 Ad
1310 2174 1523 2215 quaerendum
1540 2173 1641 2212 Apim
1657 2172 1789 2210 bovem,

950 2226 988 2250 ut
1011 2232 1092 2252 mox
1120 2220 1246 2251 dictum
1275 2224 1330 2250 est.
1378 2217 1464 2248 Vide
1492 2218 1590 2246 etiam
1616 2216 1782 2247 Ammian.

947 2263 1092 2295 Marcell.
1110 2265 1164 2295 lib.
1178 2265 1232 2293 22.

990 2307 1131 2346 Derisor]
1161 2306 1315 2338 Credulas
1328 2304 1443 2345 populi
1460 2307 1585 2334 mentes
1601 2301 1752 2333 illudens,

987 2351 1121 2389 Anubis]
1146 2351 1305 2381 Summus
1321 2347 1471 2385 Sacerdos
1495 2355 1662 2385 personam
1689 2346 1781 2376 exhi·-

944 2394 1024 2425 bens
1055 2395 1154 2434 ipsius
1185 2393 1357 2430 Anubidis,
1393 2399 1493 2431 quem
1518 2388 1649 2418 Osiridis
1673 2389 1781 2420 filium

946 2436 1093 2478 AEgyptii
1108 2438 1258 2469 colebant
1270 2441 1308 2466 ut
1323 2436 1482 2466 nuncium
1497 2434 1634 2470 Superos
1648 2432 1730 2462 inter
1743 2442 1780 2462 ae

946 2479 1082 2521 Inferos‚
1097 2482 1157 2511 snb
1169 2481 1283 2511 canina
1296 2479 1429 2518 quidem
1441 2476 1547 2514 specie
1564 2476 1592 2504 <Sc
1608 2474 1725 2515 effigie,
1740 2476 1779 2506 ed

945 2526 1034 2563 quod
1048 2527 1101 2555 ille
1113 2534 1226 2555 canem
1240 2532 1296 2561 pro
1306 2520 1483 2560 insignibus
1494 2518 1666 2548 habuisset.
1683 2518 1781 2550 citat.

944 2577 1024 2598 mox
1040 2569 1137 2600 Diod.
1162 2567 1260 2597 sicul,
1272 2564 1433 2595 Plutarch.
1447 2562 1487 2591 de
1501 2561 1583 2590 osir.
1594 2561 1674 2592 Coel.
1690 2561 1779 2592 Rho.

944 2611 1006 2651 dig.
1024 2613 1078 2643 lib.
1095 2614 1125 2641 5.
1143 2609 1333 2649 Propertius.

985 2655 1071 2686 Ausa
1090 2655 1163 2686 Jove·
1176 2657 1276 2683 vostro
1296 2652 1458 2680 latrantem
1472 2656 1620 2687 opponere
1634 2647 1776 2680 Anubim.

941 2698 1056 2738 Virgil.
1069 2698 1197 2729 AEneid.
1215 2696 1244 2725 8.

984 2757 1544 2772 00000000000

983 2786 1243 2866 bfflfieimiilljpetit
1264 2825 1395 2861 veniam,
1418 2823 1546 2862 quoties,
1570 2819 1639 2864 εἶτα]
1683 2822 1777 2852 Dum

940 2872 1034 2901 Sacra
1050 2872 1136 2901 Isidis
1147 2869 1380 2910 peragebantur
1394 2875 1513 2896 novem
1527 2875 1583 2904 per
1595 2866 1673 2902 dies,
1685 2865 1775 2894 nefas

940 2922 1005 2945 erat
1021 2915 1174 2945 uxoribus
1187 2915 1236 2942 uti
1246 2911 1397 2951 conjugio
1410 2921 1417 2939 :
1441 2909 1601 2939 debebant
1612 2908 1773 2947 siquidem

939 2958 1009 2997 ipso
1026 2959 1058 2987 in
1072 2958 1195 2996 templo
1209 2955 1389 2986 stramentis
1399 2954 1563 2990 incubare,
1578 2952 1686 2990 ibique
1702 2960 1774 2989 per-

941 3002 1048 3041 vigilia
1062 3000 1229 3030 celebrare.
1274 2999 1358 3038 Ergo
1371 3006 1443 3036 quae
1461 2995 1680 3035 praescriptum
1707 2994 1772 3024 vio·

942 3045 1073 3084 laverat,
1098 3044 1267 3076 tenebatur
1292 3042 1377 3074 adire
1407 3039 1624 3076 Sacerdotem,
1651 3044 1686 3069 ut
1716 3045 1775 3076 pre

1625 2734 1777 2766 Latrator
