1948 3281
634 54 974 99 JUVENALIS
1007 51 1226 96 SATIRA
1255 51 1361 95 V11.

997 144 1210 186 POSCianS
1230 152 1274 184 ut
1295 141 1346 184 sit
1359 150 1432 179 tuba
1460 160 1552 181 rauca
1577 150 1652 181 nihil
1663 155 1785 191 grande
1799 161 1875 186 stre-

146 149 281 192 Surda
296 147 398 190 nihil
416 155 593 205 gemeret
610 162 728 205 grave
745 146 935 188 buccina.

150 209 254 250 Non
278 206 414 248 minor
435 206 604 262 antiquo
630 205 845 248 Rubrenus
870 206 1009 260 Lappa
1030 203 1252 252 cothurno,

152 263 286 320 Cujus
312 263 351 305 ὅτ.
371 263 548 305 alveolos
574 265 613 305 ὅτ,
634 263 782 304 laenam
806 261 989 318 pignerat
1011 260 1193 323 Atreus?
1243 294 1246 297 .

147 322 250 363 Non
274 321 394 362 habet
417 320 557 362 infelix
581 320 782 364 Numitor
803 320 914 376 quod
938 318 1074 360 mittat
1094 331 1256 370 am1005

148 377 367 436 Quintillae
389 379 500 434 quod
524 379 648 420 donet
670 377 790 419 habet
810 395 819 418 z
865 392 941 418 nec
965 375 1094 417 defuit
1115 374 1174 416 illi

148 436 279 478 Unde
302 446 451 477 emeret
474 436 608 478 multa
631 434 880 492 pascendum
904 449 1023 476 carne
1043 433 1206 474 leonem

550 494 725 535 Constat
747 491 883 534 leviori
909 492 1040 533 bellua
1063 500 1232 545 sumptu

146 551 363 592 Nimirum
383 568 392 602 ;
442 552 480 593 δε
501 552 669 607 capiunt
688 551 777 606 plus
801 549 992 591 intestina
1017 551 1172 591 Poetae.

151 608 386 650 Contentus
409 609 521 651 fama
535 610 668 665 jaceat
690 610 884 650 Lucanus
909 607 951 648 in
974 607 1104 648 hortis

471 668 530 708 At
548 668 737 717 Serrano,
762 665 958 721 tenuique
979 663 1113 706 Saleio

149 723 293 765 Gloria
315 724 581 780 quantalibet,
602 723 700 779 quid
724 722 812 774 erit,
839 722 870 764 si
894 721 1021 778 gloria
1039 721 1203 763 tannim
1227 722 1316 762 est?

150 779 339 822 Curritur
360 782 407 823 ad
430 796 572 823 vocem
587 780 836 836 jucundam,
863 779 902 821 δε
923 794 1089 820 carmen
1111 778 1255 820 amicae

148 838 399 890 Thebaidos,
423 839 560 880 laetam
581 838 678 879 fecit
701 838 801 879 cum
823 836 976 880 Statius
998 836 1159 888 urbem,

145 493 242 535 Jam
265 493 487 536 domitum.

147 666 411 708 hlarmoreis.

1793 59 1869 106 127

1352 196 1450 230 peret.
1496 194 1634 223 l’elimus
1665 200 1698 225 ut
1728 199 1873 229 cothurno

1359 240 1491 265 veterum
1514 237 1642 273 inferior
1664 249 1722 267 non
1745 241 1785 270 sit
1810 242 1875 272 Ru..

1359 278 1468 309 brenus
1498 279 1621 318 Lappa,
1658 282 1747 319 cujus
1773 286 1876 316 lances

1359 325 1453 360 atque
1472 322 1603 361 pallium
1627 324 1741 353 Atreus
1768 329 1876 366 oppig-

1292 374 1343 421 75
1360 370 1458 395 nerat.
1503 366 1620 395 Misero
1644 365 1801 398 Numitori
1817 363 1875 401 nim

1359 412 1403 437 est
1423 410 1503 447 quad
1518 410 1804 449 mittatfamz‘liari‚
1831 420 1877 443 est

1359 453 1439 489 quod
1449 453 1500 482 det
1517 452 1673 485 Quintillae
1685 465 1694 481 .·
1713 453 1883 493 habuitque

1360 494 1386 523 is
1409 506 1466 534 quo
1490 496 1560 534 jam
1590 495 1747 526 subudum
1767 499 1878 529 leonem

1359 542 1547 577 cvrapuraret
1597 538 1735 576 plurimu
1785 552 1878 572 carne

1359 582 1508 611 alendum.
1559 581 1637 611 Fera
1666 583 1784 613 scilicet
1821 586 1877 614 mi-

1358 626 1426 654 nori
1453 630 1516 655 stat
1545 624 1705 664 impensd,·
1742 629 1764 665 ᾅ-
1798 629 1879 659 vatic

1290 663 1425 705 SOpIus
1447 673 1552 698 venter
1567 669 1704 697 devoras.
1747 670 1785 700 In
1809 671 1876 701 lior-

1358 711 1396 739 !is
1410 722 1555 741 marmore
1568 714 1730 742 exornatis
1742 714 1878 751 quiescat

1358 753 1501 784 Lucanus
1526 755 1777 786 existimationem
1802 759 1880 787 salis

1357 796 1478 827 habens,
1522 798 1584 828 Sed
1592 798 1666 838 quid
1674 797 1767 829 honos
1779 810 1875 839 quan-

1359 844 1534 880 tuscumque
1564 841 1693 871 Serrano
1724 845 1877 883 proderit,

1359 893 1396 912 nc
1408 885 1538 923 pauperi
1547 884 1659 923 Salem,
1673 886 1700 914 si
1716 887 1876 917 damnarat

151 925 241 958 honos
255 929 341 958 adest
354 927 369 957 ,⁷
393 928 579 968 Properatur
589 928 632 958 ad
641 938 739 959 vocem
752 931 888 970 gratam,
904 929 926 966 ἐς
940 927 1054 957 dilectae
1065 937 1174 967 poema
1192 926 1367 967 Thehawis,
1379 929 1500 967 quando
1513 928 1667 958 civitatem
1689 928 1809 961 Statius
1831 930 1864 960 ha·

150 970 246 1002 larem
259 971 374 1011 effecit,

192 1124 263 1163 Iroe,
278 1126 464 1166 insidiaeque,
477 1129 500 1166 ᾇ
512 1126 639 1157 crimina
655 1126 748 1157 noxia
765 1127 859 1166 cordi,
883 1127 945 1158 ἃς.

151 1165 195 1198 Et
211 1170 300 1206 post:

198 1211 322 1242 Talibus
334 1213 445 1243 Alecto
462 1213 553 1243 (lictis
568 1213 682 1244 exarsit
698 1214 729 1244 in
744 1214 818 1244 iras.

195 1254 359 1293 Atjuveni
372 1257 474 1286 oranti
487 1257 602 1287 subitus
619 1262 729 1287 tremor
744 1262 873 1296 occupat
890 1261 988 1288 artus.

194 1297 361 1340 Diriguere
377 1300 458 1329 oculi
475 1312 484 1328 :
505 1305 549 1329 tot
564 1301 699 1340 Erinnys
713 1300 816 1330 sibilat
832 1300 944 1341 hydris.

263 1364 269 1371 .
326 1342 372 1372 Et
403 1344 539 1383 geminos
574 1345 670 1374 erexit
704 1344 838 1373 crinibus
872 1354 989 1386 angues

198 1384 381 1423 Verbereque
391 1386 536 1424 insonuit,
553 1388 612 1416 Sec.

193 1427 312 1467 Hydri]
324 1428 461 1468 Hydrus,
472 1429 538 1467 vel,
549 1428 656 1468 hydra,
665 1440 793 1469 serpens
806 1432 987 1470 aquaticus.

196 1471 248 1500 71.
260 1470 359 1501 Surda
378 1472 454 1501 nihil
465 1477 706 1513 gemeretgrare
719 1474 859 1513 buccina]
877 1474 913 1504 Id
926 1480 986 1513 est,

150 1512 234 1543 nihil
249 1523 342 1553 grave
357 1516 505 1545 scriberet
521 1516 685 1556 Virgiliu3‚
701 1517 776 1547 ciirn
793 1518 910 1548 Alecto
928 1528 987 1548 ex-

150 1556 242 1586 hibet
257 1558 390 1596 populos
405 1559 444 1588 ad
459 1568 546 1588 arma
562 1560 770 1590 excitantem.
795 1559 922 1591 AEneid.
941 1564 971 1592 7.

193 1598 358 1630 Pastorale
373 1602 457 1630 canit
471 1602 603 1642 signum,
618 1612 769 1642 cornuque
783 1613 906 1634 recurvo

197 1642 375 1672 Tartaream
391 1644 522 1674 intenuit
539 1655 649 1683 vocem,
673 1646 734 1684 qud
745 1647 887 1685 protinus
905 1658 990 1678 omne

198 1684 384 1715 Contremuit
396 1696 510 1726 nemus,
523 1689 545 1725 a&
557 1688 641 1717 silvoe
653 1689 806 1718 intonuere
814 1690 989 1728 profundae.

193 1727 349 1758 Poscimus
364 1733 398 1759 ut
410 1731 466 1767 sit,
477 1730 543 1768 [scu]
561 1731 689 1761 Scilicet
702 1733 859 1763 vellemus
876 1735 905 1763 8:
920 1736 989 1764 exi·

153 1772 258 1811 gimus
274 1772 314 1802 ab
330 1773 428 1811 inope
443 1773 608 1810 Rubreno,
623 1781 657 1802 ut
672 1779 740 1804 tam
756 1776 884 1805 solerter
898 1778 990 1808 tanta

152 1815 330 1854 diligentia,
345 1820 412 1845 tam
424 1815 536 1845 diserte
548 1818 660 1846 scribat
675 1817 871 1857 Tragoedias,
888 1821 989 1858 quam

152 1864 274 1888 veteres
287 1859 331 1889 illi
347 1858 471 1898 Tragici
484 1857 670 1897 AEschylus,
687 1859 877 1900 Sophocles,
895 1862 989 1893 Euri-

151 1901 253 1939 pides,
266 1902 324 1940 qui
336 1901 451 1940 opibus
465 1902 493 1931 &
507 1902 683 1933 honoribus
691 1904 879 1943 affluebant,
890 1911 989 1945 atque

150 1943 376 1975 incitabantur.

196 1988 247 2017 72.
269 1987 430 2017 Rubrenus
444 1987 569 2028 Lappa]
593 1988 786 2029 Ingeniosus
801 1989 897 2021 Poeta
912 1991 989 2022 Tra-

152 2029 252 2068 gieus,
279 2031 332 2060 sed
360 2041 456 2071 egens
482 2038 629 2071 tempore
657 2034 823 2064 ,Iuvenalis
850 2035 990 2067 vivebat.

151 2072 258 2102 Vetus
275 2073 477 2104 Scholiastes.
522 2077 524 2079 ’

200 2113 370 2154 cothurno]
393 2116 490 2147 Gravi
503 2118 596 2156 stylo.
642 2118 724 2150 Vide
739 2120 803 2151 Sat.
819 2120 850 2151 6.
866 2131 896 2151 v.
912 2121 988 2153 634.

154 2157 190 2186 in
204 2158 303 2188 simili
318 2168 408 2188 voce.

197 2201 247 2231 73.
271 2201 368 2240 Cujus
395 2204 416 2240 εἷς
441 2202 585 2241 alveolos,
612 2204 677 2244 ᾁςικ]
702 2204 770 2239 Qui
795 2207 875 2238 dum
900 2216 990 2240 vacat

152 2242 283 2274 Fabulae
308 2245 348 2274 de
373 2245 475 2276 Atreo
497 2247 683 2286 scribendae,
699 2251 854 2287 premitur
868 2251 989 2292 inopia,

153 2287 183 2316 &
206 2288 332 2326 cogitur
347 2289 556 2329 oppignerare
570 2291 819 2331 supellectilem,
844 2299 883 2323 ut
904 2295 990 2326 cibos

153 2335 251 2359 emat.
278 2332 580 2363 Comminiscuntur
595 2333 646 2362 alii
660 2334 802 2365 Atreum
820 2336 990 2368 foenerato-

149 2381 220 2402 rem
251 2374 392 2414 pignoris
428 2375 522 2406 titulo
557 2376 698 2407 Rubreni
727 2387 774 2407 res
808 2384 985 2412 tenentem.

154 2413 253 2448 Quod
266 2426 333 2446 non
347 2418 461 2456 placet.

197 2459 353 2498 alveolos]
378 2459 574 2500 Paropsides,
597 2465 625 2493 Sc
653 2464 771 2494 variam
801 2466 989 2505 supellecti-

152 2500 227 2531 lem.
268 2503 490 2543 Synecdoche-
530 2505 616 2536 Vide
631 2508 695 2537 Sat.
713 2510 742 2537 5.
759 2517 789 2539 v.
806 2509 858 2540 88.
904 2509 989 2542 Item

153 2543 297 2576 Tumeb.
312 2547 367 2577 lib.
383 2548 437 2576 24.
453 2557 522 2586 cap.
537 2550 566 2579 4.

197 2586 338 2631 Loenam]
374 2590 518 2620 Χλαῖνανι
552 2593 721 2631 penulam,
753 2595 783 2624 &-
811 2595 872 2625 alia
897 2599 991 2628 vesti-

154 2636 276 2660 menta.
319 2633 539 2673 Synecdoche.
586 2636 668 2667 Vide
692 2638 758 2667 Sat.
775 2639 805 2667 3.
821 2648 851 2668 v.
868 2640 944 2672 283.
962 2643 990 2672 ὅ(

155 2673 221 2702 Sat.
234 2675 263 2702 5.
280 2685 308 2704 v.
327 2677 400 2711 131.

199 2715 326 2757 Atreus]
350 2719 475 2760 Pelopis
499 2722 527 2751 ὅ(
554 2722 780 2762 Hippodamiae
797 2724 892 2762 filius,
917 2726 990 2767 My-

156 2766 308 2789 cenarum
334 2761 417 2801 Rex,
441 2766 497 2802 qui
512 2765 646 2805 Thyesti
669 2766 754 2796 fratri
777 2769 992 2801 comedendos

156 2802 307 2839 apposuit
320 2803 400 2834 filios
416 2816 458 2836 ex
470 2808 625 2838 adulterio
642 2810 711 2847 ejus
728 2819 803 2840 cum
819 2822 921 2842 uxore
934 2823 993 2844 sua

155 2845 290 2881 genitos.
336 2846 439 2885 Cujus
455 2850 582 2881 horrore
607 2852 759 2890 convivii,
783 2854 884 2884 solem
899 2857 993 2887 aiunt

156 2889 373 2918 retrocaesisse.
418 2891 503 2921 Vide
521 2895 635 2925 Senec.
650 2895 773 2934 Tragic.
790 2897 824 2925 in
835 2896 988 2937 Thyeste.

199 2932 250 2977 74.
270 2929 337 2960 Non
354 2931 442 2963 habet
464 2935 576 2973 infelix
591 2936 750 2977 Numitor]
779 2939 911 2970 Iron'tce.
941 2941 991 2972 In-

155 2971 237 3002 felix
252 2977 325 3003 sane
341 2976 364 3005 is
381 2979 438 3015 qui
453 2978 575 3009 divitias
592 2981 729 3011 effundit
754 2982 787 3012 in
813 2983 931 3014 luxum
955 2995 990 3015 ac

156 3015 349 3055 voluptates,
362 3029 477 3058 parcus
492 3030 604 3053 autern
620 3033 667 3055 est
682 3034 718 3055 ac
730 3026 871 3056 sordidus
887 3028 921 3058 in
937 3028 991 3058 cli-

157 3063 260 3099 entes,
275 3063 406 3103 amicos,
422 3063 572 3096 honestos
589 3067 680 3098 viros.

1077 1128 1095 1157 ¹7
1101 1127 1130 1156 5.
1156 1125 1329 1165 Quintillae]
1352 1125 1489 1165 Amicae‚
1508 1126 1676 1157 meretrici.

1077 1171 1094 1200 7
1099 1169 1129 1199 6.
1152 1170 1278 1199 Emeret
1305 1168 1405 1199 multu
1422 1170 1607 1208 pascendum
1629 1179 1719 1199 carne
1744 1170 1872 1210 leonem]

1033 1213 1076 1243 Et
1092 1213 1155 1243 hoc
1167 1221 1231 1243 erat
1245 1214 1279 1243 in
1292 1213 1410 1243 deliciis
1421 1213 1558 1243 divitum
1577 1212 1656 1244 feras
1670 1214 1871 1244 mansuefac-

1033 1263 1079 1286 tas
1094 1257 1186 1287 alere.
1213 1256 1296 1286 Vide
1312 1256 1475 1294 Lamprid.
1489 1257 1521 1285 in
1536 1256 1761 1296 Heliogabalo.
1787 1257 1870 1287 Plin.

1032 1300 1085 1330 lib.
1107 1300 1136 1328 8.
1153 1310 1222 1338 cap.
1243 1300 1272 1330 8.
1299 1300 1328 1328 9.
1355 1298 1407 1337 16,
1434 1301 1483 1329 17.
1501 1299 1551 1328 52.
1577 1299 1662 1329 Gell.
1678 1300 1734 1329 lib.
1748 1302 1778 1329 5.
1796 1310 1868 1339 cap.

1034 1344 1086 1372 14.
1119 1343 1257 1373 Martial.
1284 1345 1429 1382 Spectac.
1454 1342 1619 1381 Epigram.
1645 1343 1694 1372 10.
1723 1343 1752 1372 δε
1768 1343 1823 1373 lib.
1838 1345 1871 1373 2.

1030 1386 1194 1425 Epigram.
1213 1388 1263 1417 75.
1285 1388 1344 1416 ἃς.

1076 1431 1126 1460 77.
1142 1429 1272 1459 Constat
1282 1429 1387 1459 leviori
1400 1428 1500 1458 bellua
1511 1432 1644 1468 sumptu,
1655 1426 1722 1470 eta]
1736 1427 1870 1460 ironice.

1032 1472 1127 1503 Po'e'ta
1143 1473 1295 1503 nimirum
1320 1473 1393 1512 plus
1415 1473 1544 1502 devorat
1561 1474 1660 1512 quam
1674 1473 1739 1512 leo,
1757 1473 1786 1502 δε
1801 1483 1869 1504 ma-

1028 1517 1113 1553 jores
1128 1521 1280 1555 sumptus
1299 1516 1385 1546 facit.

1075 1561 1125 1590 79.
1143 1559 1541 1598 Contentusfamdjaceat,
1558 1557 1628 1600 5502]
1645 1559 1779 1590 Lucano
1795 1559 1867 1599 qui-

1030 1602 1102 1632 ‹lern
1129 1603 1222 1633 rebus
1246 1604 1396 1633 omnibus
1418 1602 1566 1633 affluenti
1589 1603 1683 1633 facile
1706 1610 1754 1633 est
1769 1613 1872 1635 unam

1031 1647 1141 1676 sectari
1159 1647 1291 1686 gloriam
1307 1647 1342 1676 in
1357 1646 1525 1676 scribendo
1543 1647 1695 1676 carmine.

1076 1689 1235 1728 Lucanus]
1260 1690 1308 1719 M.
1323 1692 1470 1720 Annaeus
1493 1689 1658 1727 Lucanus,
1682 1689 1872 1722 Corduben-

1032 1732 1084 1771 sis,
1102 1735 1230 1764 Senecae
1243 1733 1370 1773 Tragici
1386 1742 1500 1772 nepos,
1517 1733 1613 1762 Saleii
1628 1733 1715 1763 Bassi
1731 1734 1760 1762 8<
1777 1733 1872 1764 Persii

1033 1776 1273 1815 condiscipulus
1288 1785 1325 1805 ac
1340 1776 1517 1813 familiaris,
1533 1775 1574 1805 de
1590 1776 1676 1806 bello
1691 1776 1871 1808 Pharsalico

1032 1819 1156 1858 scripsit
1181 1828 1325 1856 carmen,
1353 1820 1385 1849 δε
1408 1819 1470 1849 alia
1495 1819 1658 1857 quedam,
1683 1819 1871 1851 Oratoribus

1034 1863 1134 1902 magis
1147 1862 1247 1901 quam
1262 1862 1365 1892 Poetis
1377 1862 1655 1900 annumerandus,
1668 1867 1750 1892 teste
1765 1862 1871 1896 Quin-

1034 1904 1145 1935 tiliano
1162 1905 1216 1935 lib.
1236 1906 1286 1935 10.
1301 1914 1373 1943 cap.
1391 1906 1418 1934 1.
1462 1904 1586 1934 Neroni
1599 1905 1739 1944 primurn
1757 1908 1875 1945 gratio-

1033 1956 1098 1985 sus,
1125 1958 1205 1979 mox
1229 1949 1269 1978 ab
1293 1957 1332 1978 eo
1351 1948 1459 1985 jussus
1485 1947 1585 1977 occidi
1609 1948 1644 1978 in
1668 1949 1767 1978 aetatis
1783 1948 1874 1980 flore·

1034 1990 1128 2021 Plura
1152 1992 1223 2031 lege
1249 1991 1337 2031 apud
1362 1992 1492 2021 Petrum
1521 1991 1694 2021 Crinitum.
1738 1991 1825 2022 Vide
1841 1993 1873 2024 ὅ(

1034 2032 1162 2064 Cornel.
1183 2035 1286 2064 Tacit.
1303 2034 1356 2063 lib.
1379 2035 1430 2063 15.

1076 2077 1116 2106 In
1146 2077 1241 2107 hortis
1269 2075 1459 2118 marmoreis]
1498 2077 1668 2108 Columnis
1694 2087 1732 2108 ac
1761 2079 1875 2109 statuis

1033 2122 1217 2151 marmoreis
1233 2121 1316 2150 aedes
1332 2122 1359 2151 &
1378 2121 1486 2150 hortos
1501 2122 1649 2151 exornari
1674 2122 1797 2160 pridem
1825 2123 1874 2152 in-

1032 2165 1197 2194 stitutum.
1222 2164 1304 2194 Vide
1317 2164 1399 2194 Plin.
1417 2164 1471 2193 lib.
1483 2165 1537 2194 36.
1552 2175 1579 2194 c.
1599 2167 1624 2194 l.
1639 2166 1667 2194 2.
1685 2166 1714 2194 <Sc
1728 2174 1795 2204 seq.

1077 2207 1130 2238 80.
1151 2207 1296 2246 Serrano,
1311 2207 1453 2246 tenuique
1465 2206 1582 2246 Saleio]
1613 2208 1659 2237 Hi
1674 2208 1807 2247 quidem
1822 2218 1862 2239 va

1032 2251 1143 2282 lebant
1157 2252 1301 2292 ingenio,
1317 2257 1430 2280 caetera
1445 2255 1586 2291 egentes,
1598 2256 1634 2279 ut
1647 2251 1745 2289 vulgo
1760 2250 1874 2282 Poetae.

1032 2294 1200 2334 Tempore
1213 2294 1385 2326 ,luvenalis
1398 2294 1560 2324 vivebant.
1591 2293 1688 2323 Saleii
1704 2294 1792 2324 Bassi
1806 2304 1874 2325 me-

1034 2338 1129 2368 minit
1138 2337 1270 2368 Tacitus
1281 2338 1430 2367 sestertiis
1445 2337 1629 2376 quingentis
1645 2337 1663 2365 a
1675 2336 1875 2376 Vespasiano

1035 2380 1157 2411 donati.
1205 2381 1344 2413 Quintil.
1376 2381 1430 2410 lib.
1463 2380 1512 2409 10.
1538 2389 1609 2418 cap.
1640 2381 1663 2409 l.
1697 2381 1874 2413 vehemens

1034 2424 1118 2455 illius
1136 2426 1165 2455 δε
1179 2425 1282 2465 poetic
1289 2434 1342 2454 um
1357 2424 1494 2454 affirmat
1505 2423 1677 2462 ingenium
1692 2422 1801 2461 fuisse,
1814 2434 1875 2456 nec

1034 2468 1143 2505 ipsum
1156 2475 1321 2498 senectute
1337 2472 1514 2497 maturum.
1544 2466 1625 2495 Petr.
1644 2466 1758 2496 Crinit.
1771 2477 1799 2497 c.
1819 2469 1872 2498 62.

1033 2509 1211 2549 Laudatur,
1228 2512 1347 2550 inquit,
1371 2510 1408 2540 ab
1424 2509 1562 2546 antiquis
1576 2509 1760 2549 magnopere
1775 2509 1874 2540 Salei-

1034 2564 1081 2592 us,
1096 2565 1153 2584 non
1166 2554 1285 2584 tantum
1300 2557 1334 2582 ut
1346 2553 1392 2582 vir
1403 2552 1544 2590 optimus,
1556 2553 1611 2581 sed
1621 2551 1713 2581 eliam
1729 2557 1764 2582 ut
1773 2553 1875 2584 Po‘e'ta

1034 2598 1188 2638 egregius,
1214 2601 1307 2635 atque
1336 2595 1587 2625 ahsolutissimus.
1639 2594 1667 2623 V
1663 2595 1734 2624 alde·
1768 2596 1877 2626 nobilis

1035 2640 1166 2680 quidem,
1181 2645 1214 2670 at
1227 2640 1340 2679 erigus>
1356 2641 1378 2676 ᾅ-
1393 2639 1476 2668 tenui
1488 2638 1687 2675 censufuisse
1701 2639 1847 2668 traditur.

1079 2684 1130 2714 82.
1160 2683 1304 2712 Curritur
1317 2683 1359 2711 ad
1374 2682 1666 2721 vocemjucundam,
1680 2682 1748 2719 ᾅσα]
1780 2683 1875 2722 Mag-

1036 2736 1098 2756 nus
1108 2726 1143 2756 fit
1155 2726 1272 2765 Populi
1283 2725 1424 2755 Romani
1435 2734 1611 2755 concursus
1623 2725 1661 2754 ad
1674 2726 1874 2756 audiendum

1038 2770 1179 2799 Statium
1195 2769 1314 2799 Poema
1327 2769 1514 2798 recitantem
1525 2768 1639 2798 sonora
1652 2769 1680 2797 δε
1694 2769 1795 2805 suavi,
1811 2769 1876 2807 qua

1036 2813 1150 2851 pollet,
1166 2822 1263 2841 voce:
1288 2818 1320 2842 at
1332 2821 1429 2841 nemo
1445 2812 1498 2841 dat
1510 2811 1595 2841 unde
1609 2812 1706 2841 vitam
1719 2816 1876 2842 sustentet

1038 2856 1182 2895 egregius
1196 2854 1306 2885 Vates.

1081 2899 1132 2928 83.
1160 2896 1342 2937 Thebaidos]
1366 2898 1419 2928 De
1441 2898 1527 2929 bello
1550 2898 1721 2933 Thebano,
1747 2896 1876 2936 Polym-2

1037 2951 1097 2971 cen
1113 2943 1197 2971 inter
1211 2951 1248 2971 ac
1265 2942 1421 2972 Eteoclen
1438 2942 1545 2972 fratres
1563 2940 1679 2978 Oedipi
1695 2939 1787 2977 filios,
1810 2949 1875 2970 car-

1036 2994 1114 3014 men
1131 2984 1274 3024 Epicum
1291 2985 1442 3024 Papinius
1468 2987 1603 3021 Statius,
1629 2984 1707 3012 item
1724 2982 1874 3014 Ponticus

1036 3027 1145 3065 Poeta,
1161 3034 1242 3058 teste
1260 3029 1423 3068 Propertio
1436 3028 1490 3057 lib.
1509 3030 1536 3057 1.
1551 3028 1641 3066 Eleg.
1657 3028 1685 3058 7.
1699 3033 1733 3057 at
1744 3025 1879 3058 AEschv-

1038 3073 1088 3102 lus
1106 3072 1135 3102 <Sc
1154 3072 1278 3103 Seneca
1295 3072 1467 3111 Tragicum
1484 3069 1643 3110 scripsere..
