1948 3281
36 92 118 133 142

30 183 208 220 Corvinum,
245 191 282 212 ac
311 180 422 212 deinde
446 181 550 212 multi·
567 181 815 231 Corvinum,

23 226 103 265 plici
119 235 202 254 ramo
218 225 358 255 derivare
375 225 551 265 BIagistros

30 269 180 306 Equz'tum
210 269 304 305 fumo
338 269 454 298 obsitos
484 279 551 298 cum

542 88 882 134 JUVENALIS
915 87 1136 132 SATIRA
1164 90 1295 133 VIII.

848 181 1021 236 posthac
1044 180 1177 222 multa
1197 181 1395 224 deducere
1410 182 1527 240 virga

569 241 772 280 Fumosos
794 239 1000 294 Equitum
1022 253 1121 280 cum
1140 238 1356 281 Dictatore
1376 241 1621 297 Magistros,

31 312 208 350 wetmare,
233 312 260 341 si
275 312 341 341 vita
359 312 481 341 ducam·
496 312 551 341 z'm-
567 297 612 338 Si
634 311 771 336 coram
793 295 962 350 Lepidis
985 295 1093 337 male
1117 295 1290 337 vivitur?
1323 297 1491 353 Effigies
1511 299 1598 355 quo

27 356 123 395 prob&
134 356 163 384 2'11
176 359 337 394 conspectu
348 354 550 394 LePid‘>†2w2-⁷
566 355 649 396 Tot
670 353 932 408 bellatorum,
966 352 999 394 si
1021 352 1175 394 luditur
1197 353 1282 394 alea
1303 368 1475 409 pernox,

568 412 680 452 Ante
697 410 986 452 Numantinos
1007 411 1020 451 ?
1056 410 1102 453 Si
1124 410 1301 452 dormire
1323 410 1473 467 incipis
1495 421 1588 455 ortu

35 398 183 431 Quorsum
197 398 344 437 imagines
368 403 414 428 tot
430 399 552 428 Ducum

34 441 62 471 si
82 452 141 480 per
163 447 267 472 totam
292 446 407 471 noctem
433 441 553 470 luditur

1713 356 1766 398 10

34 485 118 523 alea,
142 496 243 515 coram
259 484 489 514 Numantinis?
517 484 552 511 ,si
566 468 764 518 Luciferi,
797 483 882 524 quo
905 468 1022 524 signa
1042 468 1167 509 duces
1192 469 1232 509 ὅτ,
1254 478 1383 510 castra
1398 470 1650 514 movebant?

35 537 170 558 somnum
205 528 376 567 auspicaris
411 529 552 566 surgente
569 525 657 566 Cur
677 525 959 581 Allobrogicis
984 525 1024 566 Sc
1044 527 1199 582 magna
1220 526 1393 582 gaudeat
1414 528 1483 568 ara

37 570 227 610 Phosphoro,
251 571 370 610 quando
395 570 554 599 bellatores

38 615 203 653 agitabant
229 614 352 650 vexilla,
377 614 399 649 65
423 610 551 640 castra?

567 584 704 624 Natus
727 582 769 623 in
791 583 1001 624 Herculeo
1024 583 1174 624 Fabius
1195 583 1304 625 lare?
1339 583 1384 625 Si
1407 583 1597 640 cupidUS,
1621 585 1656 627 si

44 656 147 690 Quare
163 656 279 688 Fabius
294 655 439 685 Herculis
454 655 486 683 iri
501 655 585 684 (loma
598 652 866 693 genitusfruatur
881 652 1101 694 Allobrogicis,
1126 653 1305 693 ingentique
1320 654 1429 693 altari,
1451 655 1478 684 si
1492 664 1614 693 avarus,
1635 655 1664 684 si

89 780 119 809 7.
144 774 320 816 Deduc-ere]
356 776 443 806 Sunt
464 775 523 814 qui
549 775 669 814 legant,
694 773 884 814 contingere.

46 821 114 852 Alii
126 830 253 850 versum
270 819 358 849 hunc
375 819 510 848 omnino
527 819 697 856 rejiciunt3
720 818 775 847 alii
787 818 884 847 etiam

47 864 285 904 praecedentem
312 872 349 892 ac
374 867 591 901 sequentem3
616 861 671 890 sed
697 870 883 900 perperam:

48 915 87 937 ut
116 907 210 936 docet
232 905 320 936 Just.
346 904 436 945 Lips.
461 904 600 943 Epistol·
628 910 741 943 quaest.
769 903 826 934 lib.
855 904 886 933 4.

47 950 153 990 Epist.
168 951 221 979 15.

98 991 207 1033 Virga]
231 991 345 1022 Multis
367 992 463 1022 ramis
479 991 497 1021 ὲ
512 992 610 1031 stirpe
625 1001 682 1021 seu
699 996 814 1020 trunco
830 990 887 1019 de-

45 1037 152 1068 ductis
168 1037 197 1065 &
213 1035 459 1075 prodeuntibus,
480 1036 516 1065 in
528 1041 714 1071 stemmate,
738 1043 794 1063 seu
812 1042 888 1062 con-

48 1079 284 1121 sanguinitatis,
310 1086 345 1109 ut
373 1084 504 1116 vocant,
531 1079 649 1108 arbore.
694 1077 769 1114 Vel,
790 1075 889 1114 radio,

49 1135 118 1164 quo
134 1123 353 1153 ostenduntur
369 1123 489 1152 summi
506 1122 630 1160 quique
646 1120 704 1149 viri
722 1121 757 1149 in
774 1119 890 1149 eodem

49 1172 231 1198 stemmate.
277 1165 345 1196 Alii
361 1165 534 1203 respiciunt
561 1164 599 1192 ad
623 1164 725 1202 virgas
743 1163 772 1192 Sc
787 1162 888 1192 fasces

50 1210 209 1241 Dictatori
224 1209 317 1239 solita
329 1208 467 1249 praeferri
481 1220 487 1236 :
512 1207 566 1237 sed
583 1216 650 1236 non
666 1207 773 1246 placet
784 1215 822 1235 ea
839 1206 888 1236 in-

53 1254 247 1293 terpretatio.

95 1299 125 1327 8.
160 1293 319 1336 Fumosos]
357 1296 487 1335 Legunt
508 1295 574 1331 alii,
598 1293 753 1331 famosos,
782 1292 888 1323 minus

47 1341 145 1379 bene,
169 1346 206 1369 ut
223 1339 359 1376 videtur,
384 1339 452 1369 Cic.
465 1339 499 1368 in
515 1338 673 1368 Pisonem.
721 1336 889 1375 Obrepsisli

49 1386 95 1415 ad
105 1385 230 1412 bonores
238 1392 333 1412 errore
345 1381 507 1419 hominum,
519 1380 775 1411 commendatione
780 1378 889 1416 fumo-

49 1437 153 1458 sarum
185 1425 363 1466 imaginum,
395 1435 521 1464 quarum
550 1425 648 1453 simile
678 1422 770 1452 habes
799 1421 888 1460 nihil,

42 1475 159 1509 praeter
171 1470 310 1499 colorem.
355 1469 450 1498 Porro
475 1469 510 1497 in
534 1468 616 1497 atriis
643 1472 709 1495 erat
731 1465 841 1495 culina
858 1467 886 1495 Sc

47 1514 144 1553 ignis,
167 1513 243 1542 hinc
260 1512 348 1549 atria,
374 1512 467 1551 quasi
481 1515 561 1548 atra,
576 1510 668 1540 fumo
684 1510 712 1539 ἃς
729 1508 884 1547 fuligine:

48 1557 125 1587 hinc
144 1558 172 1586 δε
185 1555 317 1585 fumosae
332 1554 488 1593 imagines
502 1564 510 1592 3
536 1558 573 1583 ut
587 1553 732 1583 observat
745 1552 886 1581 Servius.

48 1599 130 1630 Vide
157 1600 266 1639 Sigon.
298 1607 371 1637 cap.
396 1599 448 1628 20.
479 1596 532 1627 lib.
558 1597 589 1625 2.
623 1596 663 1625 de
687 1595 788 1634 antiq.
814 1594 886 1626 Jur.

49 1642 143 1673 Civil.
158 1644 253 1673 Rom.

90 1686 241 1725 Equilum
255 1694 322 1714 cum
334 1684 498 1713 Dictatore
514 1681 706 1724 DIagistros]
729 1681 887 1711 Dictatori

46 1739 174 1769 semper
202 1728 310 1759 aderat
341 1727 493 1767 Magister
519 1726 694 1765 Equitum,
723 1726 752 1754 <Sc
782 1724 821 1754 ab
847 1734 886 1754 eo

46 1774 155 1803 statim
171 1776 277 1802 creato
290 1771 466 1801 dicebatur.
511 1769 616 1799 Testis
633 1769 745 1798 Livius
759 1767 887 1805 passim.

48 1817 210 1856 Equitum
229 1815 383 1854 Magister
396 1814 513 1851 dictus,
537 1813 625 1851 quod
646 1813 700 1850 jus
716 1821 887 1840 summum

46 1860 81 1889 in
98 1860 233 1898 Equites
261 1859 289 1887 δε
315 1858 477 1887 Accensos
503 1857 655 1886 haberet:
679 1855 762 1884 sicut
778 1855 807 1884 (Sc
823 1853 886 1883 Po.

48 1903 120 1942 puli
153 1901 309 1942 Magister
334 1900 483 1930 Dictator
505 1899 689 1938 appellatus
713 1903 773 1936 est,
797 1897 887 1935 quod

44 1955 210 1975 summam
258 1945 292 1974 in
330 1954 443 1976 omnes
481 1947 676 1982 potestatem
715 1941 885 1971 obtineret.

44 1989 172 2019 Auctor
185 1995 232 2018 est
244 1987 348 2017 Varro
363 1989 392 2017 4.
410 1988 449 2017 de
462 1987 556 2025 Ling.
570 1986 642 2015 Lat.
687 1984 773 2013 Vide
789 1983 885 2013 Alex.

44 2033 83 2062 ab
110 2032 209 2062 Alex.
244 2031 300 2061 lib.
317 2033 346 2060 1.
378 2040 449 2069 cap.
465 2029 496 2060 6.
523 2030 589 2058 Nos
617 2027 693 2058 alibi
721 2027 814 2066 plura
844 2026 884 2056 de

46 2074 221 2105 Dictatoris
241 2073 441 2103 auctoritate.

88 2119 119 2149 9.
146 2117 257 2147 Coram
287 2115 430 2154 Lepidis]
467 2116 585 2145 Coram
616 2113 808 2153 imaginibus
837 2116 885 2142 tot

44 2163 202 2199 virorum,
226 2160 284 2199 qui
310 2160 400 2198 probi
430 2159 564 2188 fuerunt
588 2167 624 2186 ac
651 2157 723 2186 vere
748 2155 884 2186 nobiles.

42 2204 186 2234 AEmilius
201 2203 337 2242 Lepidus
359 2212 435 2240 puer
455 2202 547 2230 eliam
567 2204 629 2230 tum
651 2207 830 2239 progressus
854 2199 885 2228 in

42 2250 149 2285 aciem,
174 2247 287 2276 hostem
313 2245 480 2282 interemit,
502 2244 594 2273 civem
620 2243 775 2272 sen-avit.-
799 2242 886 2279 cujus

42 2295 105 2321 tam
134 2288 337 2320 memorabilis
364 2288 462 2326 operis
484 2287 574 2316 index
601 2290 646 2315 est
671 2286 703 2314 in
731 2284 886 2324 Capitolio

40 2338 146 2364 statua
161 2333 296 2371 bullata,
318 2333 340 2370 ᾀ-
367 2331 499 2360 incincta
511 2333 665 2368 praetexta
679 2328 712 2357 S.
732 2327 768 2357 C.
781 2329 885 2366 posita

39 2377 102 2415 illi,
126 2377 177 2415 qui
197 2377 269 2414 jam
292 2375 402 2405 virtuli
423 2377 573 2411 vitaturus,
597 2370 702 2401 honori
729 2372 885 2410 tempesti-

41 2429 107 2457 vus,
126 2422 185 2450 &a
201 2429 273 2458 quae
290 2419 396 2449 habet.
411 2417 519 2447 Valer.
540 2415 632 2446 Max.
650 2415 705 2444 lib.
716 2416 748 2444 ὃ.
763 2424 831 2453 cap.
852 2417 881 2445 1.
898 2439 901 2441 .

84 2462 177 2492 Male
204 2459 334 2502 rit-itur]
370 2459 536 2490 Nonnullis
560 2458 638 2489 solet
665 2458 810 2487 nobilitas
828 2467 881 2498 ge-

41 2506 120 2535 neris
132 2516 241 2543 parere
256 2505 482 2545 ignobilitatem
493 2503 612 2533 mentis.
637 2501 733 2541 Greg.
750 2500 837 2530 Dial.

87 2550 137 2577 10.
160 2548 254 2586 Alea]
292 2548 374 2576 Vide
404 2547 531 2577 Annot.
566 2546 605 2576 ad
636 2545 722 2575 Pers.
753 2543 819 2574 Sat.
851 2545 880 2574 5.

41 2600 106 2621 ver.
126 2592 176 2620 57.

87 2636 137 2664 11.
176 2633 257 2662 Ante
272 2633 495 2672 Numantinos]
535 2634 625 2663 Ante
641 2631 797 2671 imagines
811 2629 882 2660 Nu·

40 2678 274 2708 mantinorum.
310 2677 346 2705 P.
377 2678 484 2716 Scipio
512 2675 706 2706 AEmilianus
733 2673 790 2714 (de
817 2683 883 2712 quo

41 2721 142 2760 paulo
158 2717 249 2758 ante)
266 2718 479 2749 Numantiam
495 2721 529 2749 in
547 2718 706 2757 Hispania
721 2717 884 2747 civitatem

40 2764 131 2794 valde<
160 2762 360 2798 bellicosam,
383 2764 521 2792 correcta
539 2762 623 2801 prius
652 2761 798 2791 militum
823 2761 884 2790 dis-

40 2806 175 2846 ciplina,
190 2806 277 2836 fame
293 2805 381 2833 vicit.
427 2804 515 2834 Hinc
529 2805 755 2835 Numantinus
771 2804 886 2833 dictus-

40 2850 154 2880 Aurei.
170 2849 256 2879 Viet.
300 2846 383 2876 Vide
402 2847 484 2876 Flor.
500 2849 554 2877 lib.
565 2849 596 2877 2.
610 2858 679 2887 cap.
694 2847 745 2877 18.
757 2847 797 2877 de
808 2846 878 2876 Nu-

42 2894 192 2923 mantino
210 2892 312 2921 Bello.

85 2937 119 2964 Si
135 2936 263 2965 dormire
278 2933 398 2973 incipis,
417 2932 487 2970 ism]
512 2933 546 2961 Si
564 2934 736 2972 postquam
753 2934 787 2964 in
803 2942 883 2972 epu-

43 2978 79 3008 lis
109 2981 136 3008 Sc
162 2979 231 3008 alea
258 2984 389 3008 noctem
419 2976 523 3015 egisti,
547 2976 641 3004 mane
667 2976 785 3006 dormis
814 2977 885 3006 tum

43 3021 120 3050 cum
135 3023 267 3058 majores
284 3022 329 3050 illi
346 3020 393 3049 tui
413 3028 492 3057 quos
503 3019 616 3055 jactas,
639 3019 813 3056 vigilabant
826 3028 883 3057 po·

43 3064 202 3093 tissimum
221 3074 277 3102 pro
294 3062 487 3103 Republica,
512 3063 540 3092 ἃ*
563 3061 598 3091 in
623 3060 732 3092 hostes
757 3070 884 3101 progre-

47 3105 225 3136 diebantur.

976 775 1059 804 Ortu
1076 773 1232 813 Luciferi]
1256 775 1343 805 Sunt
1369 775 1426 814 qui
1446 784 1619 813 vesperum
1634 772 1770 816 intelligi

930 819 1134 858 pertinaciter
1150 819 1361 856 contendant,
1385 818 1424 848 εὸ
1452 818 1541 857 quod
1566 824 1645 848 tunc
1669 818 1771 850 etiam

929 867 1030 892 castra
1056 862 1217 891 moverint
1244 861 1368 892 Duces.
1416 861 1481 890 Sed
1512 870 1625 900 apage.
1669 860 1771 892 Mane

931 906 1037 944 potius
1053 904 1222 943 designari,
1249 906 1276 934 δε
1303 910 1478 934 contextus
1503 905 1532 934 sc
1557 903 1699 934 Luciferi
1715 914 1771 935 no-

932 958 1009 979 men
1025 947 1163 987 probant
1176 959 1183 976 ε
1211 948 1240 977 &
1255 948 1313 977 viri
1329 957 1437 987 graves
1451 952 1597 977 censent.

979 993 1028 1021 12.
1056 989 1209 1029 Luciferi]
1242 991 1321 1021 Haec
1346 995 1394 1021 est
1408 990 1545 1020 Veneris
1570 990 1674 1029 stella,
1697 1000 1769 1030 quae

934 1042 1007 1074 post
1031 1043 1183 1064 occasum
1212 1034 1294 1064 Solis
1319 1039 1452 1074 apparet
1479 1034 1600 1072 statim,
1622 1039 1771 1073 tuncque

934 1077 1117 1117 Hesperu5‚
1141 1079 1169 1107 δε
1184 1076 1306 1116 Vesper
1321 1077 1409 1116 apud
1423 1076 1601 1116 Virgilium
1625 1076 1655 1107 &
1678 1077 1771 1115 alios,

933 1122 1022 1159 apud
1040 1121 1192 1151 Plautum
1206 1119 1396 1159 Vesperugo
1410 1120 1526 1149 dicitur
1537 1132 1545 1148 :
1570 1125 1647 1150 ante
1662 1126 1770 1151 ortum

933 1165 1020 1203 vero,
1046 1166 1075 1194 ἃ
1099 1165 1158 1196 sub
1183 1173 1330 1194 auroram
1356 1162 1573 1201 Phosphorus,
1597 1164 1624 1193 δι
1641 1162 1770 1194 Lucifer

933 1215 1076 1238 vocatur.
1122 1207 1217 1237 Unde
1231 1207 1343 1246 Virgil.
1365 1206 1476 1245 Eclog.
1495 1206 1525 1235 8.

975 1251 1112 1282 Nascere
1131 1259 1256 1290 proeque
1270 1250 1348 1279 diem
1363 1250 1487 1278 veniens
1501 1258 1561 1289 age
1577 1249 1707 1288 Lucifer
1721 1250 1770 1280 al-

930 1303 1019 1324 mum.
1052 1295 1134 1326 Plin.
1150 1294 1251 1324 lib.2.
1277 1301 1350 1332 cap.
1366 1292 1395 1321 8.
1417 1293 1461 1322 sic
1486 1293 1542 1331 ait,
1564 1292 1657 1331 Infra
1671 1293 1773 1323 Solem

931 1338 1024 1367 ambit
1048 1339 1159 1379 ingens
1181 1337 1266 1366 sidus
1289 1335 1477 1376 appellatum
1497 1334 1631 1375 Veneris,
1653 1339 1774 1367 alterno

930 1385 1031 1410 meatu
1060 1392 1172 1422 vag-unz
1206 1379 1339 1419 ipsisque
1375 1379 1598 1420 cognominibus
1633 1380 1773 1411 oemulum

931 1424 1012 1453 Solis
1039 1436 1076 1455 ac
1105 1424 1212 1454 Lunoe.
1257 1422 1449 1452 Proeveniens
1478 1423 1600 1461 quippe,
1636 1425 1659 1461 ‘S‘
1695 1428 1771 1454 ante

932 1468 1118 1498 matutinum
1145 1466 1293 1503 exoriens,
1325 1465 1465 1503 Luciferi
1491 1475 1597 1494 nomen
1630 1465 1768 1504 accipit.-

930 1515 965 1540 ut
982 1511 1035 1540 Sol
1050 1514 1141 1549 alter,
1165 1511 1243 1540 diem
1259 1513 1428 1538 maturans.
1473 1507 1593 1538 Contra
1608 1508 1645 1538 ab
1661 1518 1770 1540 occasu

931 1553 1102 1595 refulgens,
1126 1556 1319 1591 nuncupatur
1336 1551 1460 1591 Vesper,
1482 1555 1518 1580 ut
1536 1561 1707 1592 prorogans
1721 1552 1772 1582 lu-

933 1607 1008 1635 cem,
1031 1599 1184 1636 vicemque
1200 1596 1295 1625 Lunoe
1309 1595 1449 1633 recidens,
1475 1595 1536 1624 &c.

977 1642 1026 1670 13.
1074 1641 1136 1672 Cur
1160 1638 1379 1679 Allobrogicis,
1400 1636 1467 1676 εἶτα]
1512 1636 1579 1667 Cur
1608 1639 1772 1676 majorum

932 1685 1062 1724 gloriam
1081 1689 1221 1714 ostentat
1236 1683 1295 1721 qui
1311 1687 1359 1712 est
1374 1681 1541 1721 inglorius,
1564 1691 1622 1711 cur
1634 1682 1770 1712 virtutes

933 1728 991 1766 qui
1008 1729 1139 1758 vitiosus
1152 1727 1162 1756 ?

973 1769 1194 1811 Allobrogicis]
1220 1767 1352 1799 Gallicis
1357 1766 1606 1807 possessionibus,
1619 1771 1674 1798 aut
1690 1768 1771 1798 titu-

932 1813 972 1844 lis
984 1814 1180 1844 victoriarum
1193 1825 1202 1842 .-
1228 1813 1337 1851 inquit
1352 1818 1446 1841 vetus
1459 1811 1569 1841 Schol.
1616 1812 1767 1841 Allobro-

932 1858 1023 1896 gibus
1038 1857 1169 1887 devictis
1185 1868 1192 1885 t
1219 1865 1295 1885 nam
1313 1855 1430 1885 Fabius
1446 1854 1538 1884 Max.
1563 1853 1691 1883 Gallica
1706 1854 1768 1884 vic-

931 1901 1011 1930 toria
1038 1909 1202 1940 cognomen
1229 1897 1419 1936 Allobrogici
1444 1897 1561 1926 sibimet
1587 1907 1624 1925 ac
1638 1897 1771 1935 posteris

925 1944 1066 1982 peperit:
1093 1948 1127 1973 ut
1143 1944 1188 1972 ait
1201 1941 1309 1971 Valet.
1325 1940 1418 1969 Max.
1432 1940 1487 1968 lib.
1503 1939 1534 1969 6.
1560 1948 1629 1977 cap.
1642 1940 1672 1970 9.

973 1985 1187 2026 Allobrogicis]
1223 1983 1275 2014 De
1290 1984 1339 2013 his
1361 1982 1488 2022 populis
1504 1981 1576 2012 vide
1593 1983 1658 2012 Sat.
1675 1984 1706 2013 7.
1729 1982 1769 2014 ad

929 2038 993 2059 ver.
1009 2031 1083 2059 214.

972 2071 1098 2113 sssagnd
1120 2070 1259 2112 gaudeat
1282 2067 1353 2108 ανά]
1385 2067 1487 2107 Prope
1501 2068 1633 2099 Circum
1649 2068 1769 2099 Flami-

928 2115 1024 2144 nium
1052 2116 1154 2144 erecta
1181 2115 1213 2142 in
1240 2113 1397 2142 honorem
1414 2111 1576 2150 Herculis,
1600 2112 1618 2140 a
1634 2121 1700 2150 quo
1721 2112 1769 2142 fe·

929 2164 1004 2188 runt
1018 2163 1121 2187 ortam
1140 2157 1272 2186 Fabiam
1289 2156 1445 2193 Gentem,
1469 2165 1541 2194 quae
1571 2156 1599 2184 <Sc
1629 2155 1769 2186 habebat

931 2202 1027 2231 Sacra
1041 2200 1191 2230 Herculis
1205 2199 1413 2228 haereditaria.
1457 2198 1564 2228 Vetus
1578 2197 1687 2228 Schol.
1698 2198 1767 2229 Tit.

930 2243 1001 2274 Liv.
1025 2244 1081 2274 lib.
1099 2246 1127 2273 1.
1150 2252 1221 2281 cap.
1239 2244 1269 2272 7.
1294 2242 1380 2271 Plut.
1404 2242 1438 2271 in
1454 2241 1532 2272 Fab.
1546 2241 1689 2271 Macrob.
1710 2241 1767 2272 lib.

930 2287 960 2316 3.
987 2297 1057 2326 cap.
1076 2286 1106 2316 6.
1132 2287 1190 2315 διε.
1214 2285 1309 2314 Ovid.
1326 2285 1448 2314 Fastor.
1467 2287 1496 2314 1.

1016 2329 1242 2367 Constituitque
1268 2328 1339 2367 sibi,
1369 2337 1435 2367 quoe
1464 2327 1596 2357 maxima.
1622 2326 1746 2366 dicitur,

1056 2383 1145 2403 aram

971 2416 1098 2457 DIagnci
1122 2416 1262 2456 gaudeat
1285 2412 1359 2455 τινὰ]
1383 2414 1496 2443 senec.
1528 2413 1568 2442 de
1595 2412 1709 2443 Benef.
1735 2415 1766 2444 4.

926 2469 997 2498 cap.
1013 2462 1064 2490 30.
1089 2460 1131 2489 sic
1147 2459 1263 2488 habet:
1288 2456 1360 2486 Non
1384 2457 1449 2485 sine
1470 2455 1586 2485 ratione
1607 2466 1697 2485 sacra
1722 2461 1767 2486 est

925 2513 1106 2543 magnarum
1121 2502 1268 2531 virtutum
1288 2500 1430 2529 memoria
1442 2510 1451 2526 ι
1477 2501 1500 2537 ‹g-
1515 2508 1578 2528 ess-e
1587 2499 1693 2536 plures
1715 2500 1765 2530 bo—

924 2546 1093 2584 nosjuvat,
1105 2545 1131 2575 si
1142 2546 1251 2585 gratia
1266 2545 1408 2573 bonorum
1422 2552 1483 2572 non
1497 2551 1562 2571 cum
1576 2541 1650 2580 ipsis
1661 2544 1767 2574 cadat.

930 2588 1101 2619 Ciceronem
1122 2588 1226 2626 filium
1253 2597 1319 2626 quoe
1342 2597 1389 2617 res
1415 2584 1573 2615 Consulem
1586 2584 1683 2623 fecit,
1706 2586 1769 2616 nisi

922 2631 1043 2672 pater?
1089 2653 1098 2662 .
1150 2655 1155 2660 .
1216 2655 1221 2660 .
1280 2653 1286 2659 .
1343 2654 1350 2660 .
1411 2650 1634 2659 .....
1685 2628 1769 2662 Quid

928 2685 1024 2714 nuper
1049 2675 1177 2704 Fabium
1207 2674 1374 2711 Persicum,
1396 2671 1483 2711 cujus
1511 2670 1644 2700 osculum
1673 2667 1767 2702 etiam

929 2718 1074 2757 impudici
1094 2719 1249 2754 citabant,
1271 2716 1463 2747 Sacerdotem
1485 2723 1544 2742 non
1559 2714 1589 2741 in
1606 2724 1664 2743 uno
1677 2714 1767 2744 colle-

926 2761 980 2802 gio
996 2761 1103 2799 fecit,-
1125 2761 1186 2790 nisi
1217 2759 1372 2789 Verrucosi
1394 2760 1417 2796 ᾇ·
1438 2756 1641 2796 Allobrogici,
1671 2760 1694 2796 ὃς
1720 2758 1768 2787 illi

931 2804 1071 2841 trecenti,
1095 2805 1147 2842 qui
1172 2803 1298 2833 hostium
1323 2800 1487 2831 incursioni
1511 2810 1568 2838 pro
1596 2800 1766 2838 Republica

930 2857 1022 2876 unam
1039 2848 1155 2876 domum
1171 2847 1344 2885 objecerant
1357 2845 1372 2873 ?
1407 2844 1477 2873 Hoc
1493 2844 1630 2872 debemus
1646 2843 1765 2872 virtuti-

932 2890 986 2919 bus
999 2895 1033 2919 ut
1050 2900 1106 2919 non
1129 2892 1292 2929 proesenles
1314 2887 1409 2917 solum
1434 2887 1514 2925 illas,
1537 2886 1591 2915 sed
1603 2886 1696 2915 etiam
1712 2886 1764 2916 ab·

930 2932 1014 2962 latas
1027 2933 1042 2962 e*
1058 2937 1218 2971 conspectu
1235 2930 1378 2968 colamus,
1404 2931 1462 2959 ἃς.

976 2978 1025 3005 14.
1050 2975 1154 3005 Natus
1167 2976 1201 3004 in
1215 2972 1366 3003 Herculeo
1383 2973 1495 3002 Fabius
1512 2971 1591 3010 lare]
1615 2972 1764 3009 Degener

930 3019 1045 3057 aliquis
1075 3018 1092 3047 a
1119 3017 1244 3048 familiae
1274 3025 1339 3045 suae
1372 3016 1489 3055 gloria:
1517 3015 1620 3054 qualis
1646 3015 1764 3045 Fabius

928 3061 985 3091 ille
1012 3067 1229 3099 cognomento
1251 3058 1404 3096 Persicus,
1428 3057 1470 3091 Q.
1488 3058 1577 3087 Fabii
1593 3058 1686 3087 Max.
1704 3057 1764 3086 Al-

930 3103 1083 3142 lobrogici
1105 3103 1202 3142 filius,
1224 3102 1317 3140 cujus
1344 3100 1515 3141 flagitiosos
1542 3109 1647 3131 mores
1671 3103 1764 3130 notat.
