1948 3281
727 107 914 150 PERSII
946 106 1164 150 SATIRA
1196 108 1284 151 III.
1767 115 1850 158 293

1330 200 1483 240 attritam,
1506 204 1530 240 ξς
1542 206 1762 237 excandescens
1777 219 1845 238 con.

126 195 280 248 Poscis,
307 197 346 239 δε
368 196 492 239 iratus
514 211 713 240 mammae
734 198 868 240 lallare
890 213 1050 240 recusas
1070 199 1085 240 ?
1489 246 1493 251 ,
1697 251 1702 256 ἢ
1827 254 1831 258 ι

122 254 194 295 An
219 255 286 296 tali
309 257 494 297 studeam
517 256 705 298 calamo?
743 256 825 297 Cui
842 256 992 298 verba?
1027 255 1140 314 Quid
1164 256 1261 298 istas
1331 247 1718 321 Ξζῖαζαῖζζῗῖζῧςζῑίῖξίζζ
1737 256 1844 311 .⁶‘f⁷“‘·

121 311 311 354 Succinis
329 313 550 370 ambages?
584 313 861 356 Tibiluditur.
908 313 1052 355 Effluis
1069 329 1238 367 amens;
1263 315 1319 356 20
1331 329 1397 359 bam
1427 340 1502 361 cum
1531 307 1682 371 &asmodi
1713 303 1844 373 pagam?

122 368 420 413 Contemnere.
483 374 611 414 Sonat
635 371 778 412 vitium
804 386 1007 426 percussa,
1032 371 1213 428 maligne
1331 371 1461 403 Carnam
1484 378 1574 423 perta
1597 378 1671 426 aas?
1697 378 1841 412 Quorsum

120 427 355 482 Respondet
378 430 490 470 viridi
517 445 601 471 non
622 439 740 471 cocta
762 429 892 470 fidelia
913 429 1030 472 limo.
1155 429 1215 485 [δι’.
1235 413 1683 493 εεῑίἔὶῗιζ,ἐ’ξζν’ξνζζ”ῗῧζζ
1723 426 1841 494 ξᾝξῖα·

120 484 265 526 Udum
292 487 331 528 δε
355 487 476 528 molle
499 487 633 528 lutum
657 502 715 539 es,
750 502 862 528 nunc
886 502 999 528 nunc
1018 484 1484 543 properandus,1)aa'ier2·s
1509 509 1628 541 stum,-
1658 476 1844 547 5552„ssssss

118 541 357 599 Fingendus
375 544 462 586 sine
486 545 565 586 fine
589 547 692 586 rota.
755 544 835 586 Sed
864 560 952 586 rure
977 555 1142 600 paterno
1327 547 1397 577 eris·
1451 546 1510 577 Vas
1522 549 1751 602 fictile-digito
1770 556 1843 590 7³²⁴!-

116 600 192 641 Est
213 601 285 642 tibi
303 603 361 643 far
377 603 609 654 modicum,
629 618 776 658 purum
799 602 838 643 ὃς
855 603 941 644 sine
959 603 1046 644 labe
1063 604 1311 646 salinum.25
1326 594 1840 667 2⁰2&ssssssth⁰(Jffll‘ll‘4‘n‘ssserzwn’

114 657 230 715 Quid
254 662 442 702 metuas?
479 661 726 716 Cultrixque
747 661 829 701 foci
852 675 992 702 secura
1013 661 1156 716 patella
1178 671 1253 703 est.
1328 665 1354 704 iz·
1382 679 1483 707 reddit
1515 660 1656 709 timinam
1681 649 1840 718 flactcuerzi

114 716 214 757 Hoc
233 718 326 758 satis
348 720 360 759 ?
393 721 464 759 An
489 719 627 759 deceat
651 718 891 773 pulmonem
915 733 1102 774 rumpere
1124 719 1272 771 ventis,
1330 719 1375 750 Tu
1389 730 1420 749 ⁶²⁸
1437 722 1635 773 velut-limnas
1661 723 1800 755 humidus
1815 728 1839 765 ἐς

115 774 343 816 Stemmate
366 776 477 831 quod
499 777 668 817 Thusco
692 791 852 817 ramum
876 775 1096 818 millesime
1119 777 1235 818 ducis
1255 795 1266 829 3
1325 764 1838 808 ‘mmmmm'²7“''²J“⁷'²fl⁷²3⁶⁷²d²⁴⁸’

115 831 393 874 censoremve
412 843 530 874 tuum
553 833 613 874 vel
636 834 746 889 quod
774 833 949 875 trabeate
974 834 1122 876 salutas
1142 836 1155 875 ?
1323 808 1745 884 ἑραῖῖἆῖιζαῖοὲἕίᾯῖἓᾜὲ
1761 812 1837 885 fx}

111 900 148 919 ex
161 900 237 930 agro
248 892 351 929 patris
366 890 651 929 habes-frumentum
667 896 766 929 tenue,
789 894 812 930 ‘S‘
836 903 890 922 vas
903 892 979 922 salis
992 893 1134 922 mundum
1151 893 1215 923 sine
1231 894 1364 932 defectu.
1415 894 1566 927 Quidnam
1582 895 1690 926 timeas
1702 909 1711 925 .-
1735 898 1840 929 Habes

112 934 204 962 etiam
215 935 356 972 patinam
375 938 471 964 tutam
488 934 601 964 camini
614 935 816 965 excultricem.
861 936 983 966 Illudne
999 936 1111 974 suflicit
1125 937 1139 966 .9
1170 937 1220 966 An
1236 938 1373 967 decorum
1389 941 1432 965 est
1444 939 1614 975 pulmonem
1618 940 1752 980 fruger-e
1766 952 1836 971 ven-

110 977 162 1014 tis,
179 977 249 1015 quia
266 976 443 1007 millesimus
459 977 556 1007 trahis
581 978 691 1008 lineam
714 979 920 1010 successionis
942 980 981 1009 ab
996 979 1129 1010 Etrusco
1149 990 1287 1021 gerzere;
1310 979 1358 1010 vel
1383 981 1472 1020 quod
1487 980 1646 1012 Censorem
1667 984 1750 1014 inter
1772 989 1839 1015 tuos

107 1020 237 1059 salutas,
259 1020 308 1050 vel
322 1021 393 1060 quia
408 1020 514 1051 trabea
530 1021 656 1051 vestitus
668 1031 710 1052 es.

111 1179 169 1214 est,
193 1177 274 1215 quin
301 1176 382 1214 petis
405 1175 490 1206 cibos
510 1176 578 1214 jam
605 1185 797 1214 praemansos
817 1177 845 1206 &
863 1186 950 1206 com-

110 1220 254 1250 munitos
270 1228 353 1259 quos
368 1218 501 1257 facilius,
526 1220 554 1248 ἃ
581 1220 649 1248 sine
675 1219 741 1249 ulla
764 1219 871 1250 labore
895 1220 951 1249 de·

109 1262 236 1300 glutias.
284 1263 404 1294 Cibum
423 1263 634 1302 puerulorum
653 1272 762 1301 papas,
786 1264 812 1292 dc
833 1269 948 1301 potum

109 1305 186 1334 buas
212 1307 341 1345 antiqui
368 1306 598 1345 appellabant:
626 1305 714 1336 unde
724 1315 876 1346 pappare,
902 1312 950 1336 est

110 1348 272 1385 ejusmodi
288 1349 374 1379 cibos
390 1355 530 1388 captare.

106 1390 212 1422 Plaut.
227 1393 262 1423 in
274 1392 427 1431 Epidico:

193 1434 282 1466 Novo
298 1435 406 1466 liberto
422 1445 496 1474 opus
510 1439 555 1465 est
568 1435 648 1474 quad
655 1438 785 1476 pappet,

192 1478 340 1518 Dabitur,
357 1479 496 1518 proebebo
507 1479 616 1510 cibum.

152 1522 205 1552 18.
240 1522 346 1553 Iratus
371 1523 520 1562 mammae]
559 1523 650 1553 Pater
674 1527 751 1560 tata,
775 1523 888 1553 nutrix
916 1524 946 1553 δε

108 1571 212 1595 mater
236 1575 381 1596 mamma
408 1567 515 1605 pueris
542 1566 621 1596 olim
645 1566 830 1604 vocabatur,
864 1570 946 1596 teste

108 1608 242 1639 Catone.
288 1608 365 1639 Non
379 1619 453 1649 ergo
466 1610 715 1649 intelligendum
732 1615 780 1639 est
791 1609 830 1639 de
846 1610 945 1640 ubere

108 1652 256 1691 nutricis,
271 1653 363 1691 quasi
379 1653 426 1682 lac
441 1652 552 1691 fugere
568 1653 623 1682 ille
640 1662 722 1691 puer
737 1659 875 1691 recuset,
892 1654 946 1683 sed

106 1695 214 1732 potius
244 1696 326 1725 nolit
352 1695 488 1725 dormire
518 1696 557 1725 ad
583 1696 710 1726 solitam
736 1696 946 1734 cantilenam,

105 1736 196 1776 zalla,
220 1738 239 1767 a
260 1739 387 1768 nutrice
411 1739 463 1768 vel
485 1745 587 1768 matre
612 1738 727 1778 saepius
754 1740 942 1778 repetitam:

105 1782 194 1818 quod
210 1782 374 1812 delicatuli
389 1781 481 1821 pueri
497 1782 714 1812 morositatem
731 1782 901 1822 redarguit.

146 1823 288 1863 Lallare]
313 1825 370 1855 Est
397 1831 539 1864 repetere
565 1825 682 1863 saepius
704 1834 832 1864 vocem,
855 1825 945 1863 lalla,

104 1868 193 1905 quod
215 1869 362 1898 solemne
388 1874 435 1898 est
460 1868 650 1905 nutricibus,
675 1873 713 1898 ut
728 1869 945 1899 cantiunculis

102 1908 166 1939 istis
178 1921 332 1941 somnum
345 1911 484 1951 puerulo
497 1912 682 1941 concilient.

143 1953 270 1985 Lalc‘are
285 1954 420 1993 recusas]
438 1954 574 1992 Respuis
589 1954 721 1984 nutricis
737 1954 939 1985 blandimen-

101 2002 146 2032 ta,
171 1999 200 2027 δε
228 1998 383 2036 pertinaci
406 1998 515 2037 vagitu
541 2003 653 2027 contra
679 1998 767 2027 illam
796 1998 944 2036 irascens,

102 2048 252 2070 somnum
268 2041 437 2070 admittere
454 2050 587 2070 recusas.

148 2083 197 2113 19.
221 2083 272 2112 An
287 2083 345 2112 tali
359 2084 496 2113 studeam
513 2085 628 2112 calamo
641 2083 673 2122 ἕ]
702 2083 852 2113 Pertinax
868 2084 941 2114 ado-

101 2124 224 2155 lescens
252 2127 327 2156 cum
357 2135 528 2165 agnoscere
556 2127 686 2165 culpam
715 2127 844 2157 deberet
872 2138 942 2158 mo-

101 2177 218 2208 resque
246 2169 413 2209 corrigere,
441 2169 550 2198 inanes
574 2169 680 2207 potius
706 2179 771 2199 suae
805 2171 938 2209 ignaviae

101 2212 326 2242 excusationes
342 2212 499 2251 quaeritat.

145 2254 206 2284 Cui
219 2254 350 2293 cerba.⁷]
387 2255 529 2293 Reponit
543 2255 711 2294 magister:
738 2255 824 2285 itane
835 2266 940 2296 speras

99 2298 190 2328 nobis
204 2299 373 2337 imponere
386 2297 396 2326 ?

141 2342 195 2371 20.
213 2341 283 2371 Tibi·
299 2341 432 2380 luditur]
455 2341 530 2371 Tua
546 2341 731 2380 resagitur3
755 2342 843 2380 quod
855 2347 938 2373 tem-

99 2393 162 2422 pus
175 2386 261 2423 teris,
285 2385 342 2414 ribi
357 2393 424 2414 non
439 2385 521 2414 mihi
536 2385 629 2423 perit.

139 2427 252 2465 EffluLs·
266 2427 384 2466 amens]
406 2427 456 2457 Te
482 2429 549 2466 ipse
573 2427 689 2467 perdis,
719 2427 862 2466 teipsum
882 2430 935 2467 ju-

98 2471 200 2509 gulas.

139 2514 192 2543 21.
219 2512 430 2552 Contemnere]
454 2513 622 2547 Quoniam
649 2513 731 2543 nihil
755 2511 854 2543 afficit
877 2515 933 2544 ho-

98 2556 203 2586 mines
229 2558 329 2597 magis
345 2558 443 2596 quam
473 2563 703 2594 contemptus:
728 2557 818 2586 hunc
834 2557 934 2589 etiam

93 2599 207 2635 juveni
230 2609 357 2630 moroso
382 2601 491 2638 objicit
508 2601 536 2629 δε
553 2599 696 2628 minatur
711 2599 852 2637 prudens
867 2610 935 2630 ma-

96 2648 204 2680 gister.

140 2684 235 2713 Sonat
249 2686 368 2725 vitiant]
388 2686 490 2726 Urget
506 2695 560 2724 per
583 2683 839 2715 similitudinem.
884 2686 934 2716 Si-

95 2731 152 2756 cut
167 2728 287 2757 tinnitu
303 2739 397 2759 rauco
423 2731 451 2758 Sc
472 2728 607 2759 absurdo
635 2728 839 2766 cognoscitur
852 2731 932 2759 vasis

96 2770 252 2808 defectus,
276 2771 350 2801 cum
370 2772 469 2811 digito
487 2771 686 2811 percutitur:
710 2771 754 2799 sie
772 2777 807 2800 tn
823 2772 898 2801 curn
916 2773 933 2801 a

98 2822 151 2841 me
166 2813 204 2841 ad
232 2814 362 2843 meliora
376 2815 526 2852 incitaris,
552 2816 579 2844 δε
597 2814 688 2852 quasi
703 2815 850 2852 tangeris,
874 2825 933 2844 ex·-

96 2854 186 2884 hibes
202 2856 303 2885 animi
320 2857 434 2887 vitium
451 2860 479 2887 ἂ
502 2866 633 2897 pravam
648 2855 867 2886 affectionem.

139 2898 285 2938 Blaligne
302 2900 474 2939 respondet]
497 2900 704 2931 Contrarium
722 2903 780 2937 est,
796 2899 933 2930 Soltdum

96 2944 213 2978 crepat,
238 2943 326 2980 quod
342 2942 520 2973 videbimus
538 2945 602 2974 Sat.
621 2945 649 2972 5.

137 2984 189 3012 23
220 2982 316 3013 Udum
330 2987 352 3022 εἷς
368 2987 453 3015 molle
468 2988 564 3016 lutum
580 2985 626 3025 es]
660 2985 762 3017 Instat
774 2987 933 3025 magister.

96 3027 254 3056 Attamen
282 3029 341 3057 hac
369 3034 464 3058 aetate
490 3029 555 3068 qua
585 3039 630 3067 ες,
654 3035 744 3068 potes
772 3029 936 3059 emendari

97 3068 176 3098 dum
194 3076 285 3099 tener
309 3080 353 3108 es,
378 3072 406 3100 δι
433 3072 468 3101 in
493 3073 606 3102 melius
628 3072 758 3102 formari
779 3081 816 3101 ac
836 3072 935 3112 fingi3

992 1176 1209 1215 disciplinam,
1232 1177 1307 1207 licet
1329 1187 1365 1207 ea
1381 1177 1438 1207 tibi
1457 1177 1557 1216 prima
1580 1176 1685 1208 fronte
1700 1181 1776 1210 acris
1801 1183 1829 1211 8.-

993 1229 1104 1259 aspera
1116 1221 1270 1251 videatur.

1036 1263 1132 1293 Nunc
1147 1264 1239 1303 nunc]
1262 1264 1298 1294 Id
1310 1267 1369 1302 est,
1393 1263 1491 1294 modo
1507 1263 1537 1292 &
1551 1264 1622 1294 sine
1636 1274 1736 1304 mora,
1750 1267 1830 1299 dum

991 1307 1099 1336 adhuc
1116 1308 1246 1345 juvenis
1268 1317 1314 1345 es,
1337 1317 1373 1337 ac
1389 1307 1478 1337 velut
1493 1316 1564 1336 cera
1581 1317 1636 1337 seu
1654 1314 1733 1339 testa
1750 1312 1834 1341 mol·

991 1350 1041 1388 lis,
1065 1351 1306 1388 cujuscumque
1318 1350 1430 1380 formae
1444 1359 1557 1388 capax.

1036 1395 1090 1423 24.
1114 1392 1213 1431 Rom]
1248 1393 1436 1433 Figulinum
1453 1400 1498 1423 est
1522 1394 1775 1426 instrumentum
1791 1397 1831 1428 ab

992 1436 1181 1473 Anacharsi‚
1214 1443 1293 1466 teste
1320 1437 1438 1475 Plinio,
1472 1437 1655 1475 inventum,
1680 1447 1746 1477 quo
1775 1441 1836 1472 cis.

992 1484 1143 1510 cumacto
1158 1479 1268 1510 fictilia
1281 1490 1355 1509 vasa
1368 1480 1545 1519 finguntur.

1033 1522 1096 1552 Sed
1123 1533 1194 1553 rure
1216 1523 1362 1561 paterno]
1403 1523 1567 1560 Prolepsis.
1613 1522 1661 1552 At
1689 1523 1831 1566 inquies,

990 1566 1071 1604 quid
1085 1576 1166 1605 opus
1179 1576 1233 1596 me
1247 1566 1405 1596 laboribus
1421 1575 1458 1595 ac
1473 1566 1590 1605 vigiliis
1599 1565 1744 1607 fatigare,
1756 1570 1832 1602 cum

989 1610 1109 1647 possim
1120 1610 1248 1640 beatam
1261 1619 1296 1638 ac
1311 1609 1517 1649 tranquillam
1531 1609 1628 1640 vitam
1643 1619 1746 1651 agere,
1756 1622 1831 1643 con-

990 1656 1100 1682 tentus
1112 1654 1207 1692 patris
1221 1653 1279 1682 etsi
1291 1652 1506 1682 mediocribus
1518 1652 1635 1683 divitiis
1649 1654 1658 1682 ?

1032 1696 1087 1725 25.
1109 1696 1174 1725 Far
1186 1695 1351 1735 modicum]
1388 1695 1558 1726 Sufficiens
1586 1696 1728 1738 fortuna,
1755 1700 1831 1732 licet

988 1739 1124 1769 modica.

1031 1781 1161 1819 Puram]
1186 1782 1251 1812 Seu
1268 1781 1432 1813 mundum
1451 1783 1478 1811 ὅ(
1496 1783 1650 1823 nitidum,
1666 1794 1723 1815 seu
1740 1795 1826 1825 quae-

986 1823 1099 1863 situm,
1123 1826 1190 1854 sine
1204 1825 1290 1855 dolo.

1030 1867 1184 1906 salinum]
1209 1868 1267 1898 Pro
1280 1868 1426 1908 qualibet
1440 1867 1645 1905 supellectili.

1030 1911 1082 1940 26,
1100 1910 1376 1950 Cultrz'xquejbci]
1394 1910 1432 1940 In
1447 1910 1518 1939 foco
1533 1911 1611 1941 lares
1629 1912 1826 1945 colebantur.

1028 1953 1141 1983 Secura
1151 1954 1287 1993 patella]
1318 1954 1454 1988 Patella,
1479 1961 1532 1982 vas
1546 1954 1563 1982 ὲ
1577 1964 1643 1993 quo
1659 1956 1827 1988 libationes

987 1995 1058 2026 Diis
1089 1998 1219 2027 Laribus
1250 1998 1288 2026 ad
1320 1997 1430 2027 focum
1462 1995 1667 2037 ferebantur3
1706 2009 1824 2039 secura,

987 2040 1064 2078 quia
1075 2040 1266 2070 domesticos
1283 2040 1371 2070 Deos
1388 2039 1530 2078 religiose
1555 2041 1662 2071 colens
1687 2044 1824 2081 praesidi-

987 2092 1043 2112 um
1061 2084 1100 2112 ab
1116 2085 1151 2113 iis
1168 2084 1197 2112 δε
1210 2084 1426 2122 patrocinium
1439 2082 1499 2111 sibi
1514 2083 1691 2120 pollicetur.

1027 2127 1081 2157 27.
1125 2127 1194 2156 Hoc
1209 2127 1286 2156 satis
1296 2126 1327 2165 .9]
1352 2126 1480 2155 Refellit
1500 2127 1649 2165 magister
1663 2128 1748 2158 dicta
1762 2129 1825 2159 dis-

984 2169 1096 2208 cipuli.

1027 2212 1206 2242 Pulmonem
1221 2212 1371 2251 rumpere]
1396 2212 1460 2241 Prae
1489 2212 1635 2250 superbia
1665 2216 1692 2242 &
1718 2215 1823 2245 fastu:

982 2255 1023 2284 ob
1039 2257 1242 2286 nobilitatem
1260 2258 1287 2286 &-
1312 2264 1447 2285 censum
1461 2264 1556 2293 supra
1571 2256 1709 2287 modurn
1728 2260 1756 2288 δε
1773 2259 1821 2290 in-

982 2298 1058 2337 epte
1073 2299 1188 2329 inflari.

1023 2342 1077 2371 28.
1090 2342 1255 2371 stemmate
1269 2342 1350 2380 quad
1368 2340 1494 2378 Thusco,
1510 2339 1574 2378 25⁶²]
1591 2340 1640 2371 Εὸ
1658 2343 1748 2380 quod
1765 2354 1821 2383 per

980 2385 1070 2414 mille
1093 2386 1314 2425 generationes
1343 2385 1498 2422 originem
1525 2383 1621 2413 ducas
1644 2394 1687 2413 ex
1711 2387 1821 2426 aliqua

979 2434 1105 2458 vetusta
1123 2430 1151 2458 δε
1169 2428 1271 2458 nobili
1290 2428 1420 2457 Etrurii*
1444 2426 1575 2455 familia.
1621 2426 1716 2457 Porro
1728 2433 1821 2460 stem-

980 2480 1028 2499 ma
1048 2471 1157 2501 Latine
1172 2481 1289 2501 corona
1305 2478 1351 2499 est
1366 2470 1382 2499 e
1398 2468 1529 2499 floribus
1543 2472 1723 2506 praesertim.
1746 2473 1820 2503 Me-

980 2514 1145 2552 taphorice
1169 2514 1308 2543 sumitur
1326 2514 1354 2542 <Sc
1372 2522 1428 2551 pro
1446 2512 1610 2551 gentilitiis
1626 2513 1818 2556 insignibus,

981 2558 1009 2586 δε
1038 2567 1095 2595 pro
1122 2559 1232 2587 statuis
1260 2558 1287 2585 δε
1318 2556 1511 2594 imaginibus
1541 2554 1719 2595 Majorum,
1744 2568 1816 2597 quae

979 2601 1174 2630 ornabantur
1189 2600 1275 2628 sertis
1293 2597 1454 2636 ejusmodi
1485 2597 1588 2627 floreis
1615 2599 1644 2628 &
1669 2602 1816 2632 corollis:

978 2643 1057 2672 item
1087 2652 1142 2682 pro
1172 2643 1291 2678 arbore,
1328 2649 1365 2669 ut
1391 2642 1483 2670 aiunt
1519 2644 1815 2683 consanguinitatis,

978 2694 1078 2724 quam
1096 2686 1200 2715 ductis
1216 2685 1308 2714 lineis
1335 2683 1516 2723 additisque
1540 2685 1684 2714 rotundis
1710 2686 1816 2726 figuris

977 2727 1161 2758 efficiebant
1189 2728 1328 2765 antiqui,
1369 2729 1396 2755 &a
1428 2733 1565 2756 stemma
1596 2728 1815 2766 appellabant.

975 2770 1058 2801 Plin.
1082 2772 1126 2801 lib
1151 2772 1204 2799 235.
1227 2780 1296 2808 cap>
1314 2771 1343 2798 2.
1379 2769 1547 2799 Stemmata
1564 2768 1655 2799 lineis
1668 2771 1815 2801 discurre·

975 2814 1050 2842 bant
1065 2815 1109 2843 ad
1122 2812 1394 2853 imagines-pictas.
1431 2813 1518 2842 Vide
1533 2813 1684 2843 Juvenal.
1703 2814 1770 2845 Sat.
1785 2815 1815 2844 8.

977 2857 1081 2886 initio.

1020 2898 1150 2928 Rumam
1167 2898 1266 2937 ducis]
1290 2899 1427 2929 Lineam
1453 2897 1573 2937 nempe
1596 2899 1813 2932 successionis.

977 2941 1126 2980 Isidorus,
1142 2943 1196 2971 lib.
1213 2943 1243 2972 9.
1259 2952 1327 2981 cap.
1343 2943 1374 2971 6.

976 2992 1074 3023 mata,
1098 2986 1162 3015 sive
1186 2986 1382 3015 ramusculos
1406 2985 1508 3014 facere
1530 2984 1564 3012 in
1587 2992 1715 3021 genere,
1738 2986 1814 3017 cnm

981 3028 1095 3066 gradus
1111 3028 1345 3068 cognationum
1361 3029 1557 3067 partiuntur.

1022 3071 1076 3100 29.
1113 3071 1309 3102 Censoremve
1326 3070 1426 3108 tuum]
1458 3070 1494 3100 In
1508 3078 1564 3099 tua
1579 3070 1769 3108 cognatione
1784 3073 1815 3104 δε

99 3111 123 3140 si
137 3112 234 3142 modo
250 3122 356 3152 gerere
371 3114 454 3144 mihi
470 3124 594 3146 morem
609 3116 762 3155 volueris,
785 3116 815 3146 δε
831 3114 937 3146 subire
980 3120 1088 3154 gente.

1422 2942 1536 2972 Solent
1547 2939 1705 2970 Advocati
1717 2948 1816 2973 stem·
1870 2978 1876 2982 ,
