1948 3281
85 97 170 139 308

672 87 861 138 PERSII
893 85 1112 130 SATIRA
1143 85 1225 129 IV.

89 188 145 217 δαί
185 185 393 216 consideratur
433 184 605 215 dumtaxat
623 179 702 222 Sed
725 177 969 233 praecedenti
993 184 1198 232 spectatur
1218 173 1400 216 mantica
1416 173 1555 231 tergo!

86 240 164 270 pera
177 228 261 259 dorso
277 227 480 258 antecedenti.
510 225 604 256 Forte

88 272 325 308 interrogaveris
333 281 347 307 ;
369 281 410 300 an
436 269 494 300 scis
517 278 606 308 agros

622 235 843 294 Quaesieris
862 251 874 287 3
907 233 1062 276 nostin’
1085 231 1252 276 Vectidi
1275 231 1453 287 praedia?
1490 230 1655 287 Cujus?

1756 229 1808 270 25

96 309 256 345 Vectidii?
293 311 490 353 Cujusnam?
524 312 607 350 opu-
623 294 750 336 Dives
773 301 856 333 arat
879 291 1060 333 Curibus
1082 298 1284 346 quantum
1308 303 1394 330 non
1415 288 1564 330 milvus
1587 287 1740 329 oberret
1759 302 1770 327 ε

94 360 193 388 lentus
206 358 336 397 quidam
357 357 439 396 apud
454 355 548 384 Cures
559 363 606 382 ⁶⁰·
627 353 772 401 Hunc,
795 349 882 391 ais?
920 349 1067 399 Hunc,
1090 347 1185 390 Diis
1209 345 1336 398 iratis,
1360 345 1582 401 Genioque
1603 343 1768 386 sinistro
1786 358 1814 383 :⁷

94 401 133 431 lit
150 406 278 431 tantum
291 401 366 440 agri,
379 402 524 439 quantum
539 395 607 426 mil-

94 454 148 474 vus
160 454 217 473 non
230 443 456 473 circumvolaret
469 452 477 468 :
503 440 606 469 istum-

624 407 710 466 Qui
733 407 981 470 quandoque
995 405 1149 462 jugum
1172 413 1335 459 pertusa
1355 403 1403 444 ad
1425 402 1607 457 compita
1627 400 1731 458 figit,

95 497 138 517 ne
151 485 252 517 dieis?
274 487 372 517 Istum
389 486 534 523 inquam,
552 481 610 520 qui
626 464 794 507 Seriolae
817 473 960 506 veteris
983 474 1171 504 metuens
1193 460 1379 502 deradere
1400 459 1583 510 limum,

96 531 175 560 vivit
189 530 320 568 infensis
334 526 528 561 Numinibus,
542 527 564 562 {3-
582 524 676 553 Genio
688 531 747 552 non
758 522 893 562 propitio
906 533 916 551 .·
939 521 992 562 qui
1005 522 1253 560 quandocumque
1267 519 1424 565 suspendit
1427 518 1543 559 jugum
1555 518 1598 548 ad
1608 518 1737 557 compita
1749 525 1820 557 per·

96 574 161 612 via,
176 573 283 602 timens
297 573 430 601 deterere
445 571 542 598 lutum
559 571 643 597 testoe
654 566 800 605 antiquae,

144 691 241 726 Quam
257 694 312 720 aut
326 688 443 728 aquila,
460 689 514 715 aut
529 695 652 726 serpens
665 683 856 725 Epidaurius
869 683 884 713 ?

231 735 288 763 ἃς.

102 778 149 807 At
175 778 228 807 alii
252 774 415 806 Neronem
439 772 551 803 volunt
576 771 630 801 hic
652 771 750 801 etiam
778 770 858 809 peti,
882 771 941 810 qui

100 821 178 850 alios
196 826 306 850 notare
321 817 412 854 velit,
434 825 468 845 se
491 824 557 845 non
579 815 736 854 corrigat3
759 814 818 853 qui
836 819 893 843 aut
908 823 942 842 se

103 872 170 893 non
194 863 290 900 norit,
318 866 375 891 aut
397 860 493 889 latere
516 864 609 896 putet
632 866 690 887 sua
713 857 844 897 flagitia,
868 866 941 896 quae

98 907 167 946 jam
185 907 216 936 in
233 906 340 935 lucem
356 902 580 940 erumpebant.

144 948 183 979 In
197 959 260 979 sese
276 944 467 983 descendere]
502 943 653 983 Seipsum
685 942 813 981 penitus
840 942 943 973 intro-

102 993 234 1031 spicere,
250 991 392 1029 seipsum
410 987 569 1017 discutere
586 988 614 1017 ὃ(
629 986 827 1024 examinare,
842 992 943 1025 atque

104 1041 141 1065 ut
157 1042 204 1065 est
218 1036 252 1065 in
268 1034 331 1065 fine
347 1033 446 1071 hujus
463 1030 584 1066 Satiroe,
608 1029 715 1058 Secum
729 1028 880 1067 habitare,
904 1030 942 1058 ad

103 1088 170 1109 sese
185 1075 456 1118 cognoscendum,
480 1083 522 1103 ex
540 1079 700 1112 praecepto
717 1071 851 1102 Oraculi
863 1072 943 1102 Del-

107 1121 206 1160 phici,
223 1119 316 1159 γνῶθι
328 1115 450 1150 esaum.

150 1165 201 1194 24.
228 1162 420 1194 Praecedentz'
435 1162 592 1199 spectatur
607 1158 740 1187 mantica
753 1161 838 1197 tergo
848 1155 875 1195 l]
909 1156 945 1187 Id

107 1214 165 1245 est,
181 1207 421 1238 considerantur
436 1204 539 1234 aliena
564 1202 655 1240 vitia,
680 1202 730 1231 vel
755 1201 790 1231 in
811 1201 946 1230 mantica

107 1261 179 1290 quae
198 1250 360 1289 praecedit,
378 1255 491 1285 estque
506 1251 581 1276 ante
594 1251 732 1284 tergum,
748 1243 780 1273 id
795 1250 854 1282 est,
871 1253 945 1283 pcc-

109 1300 159 1324 tus
173 1299 317 1323 nostrum
332 1302 341 1330 3
369 1291 419 1321 vel
436 1291 470 1320 in
486 1288 650 1328 posteriori
666 1288 796 1317 alterius
813 1288 871 1325 qui
886 1295 946 1316 an-

107 1337 224 1367 tecedit
241 1346 299 1366 nos
315 1334 467 1370 hominis,
483 1331 578 1371 pera;
603 1341 645 1361 ex
665 1330 814 1370 Apologo
825 1330 947 1359 scilicet

110 1378 232 1419 ΑἘεορί,
250 1379 308 1418 qui
329 1377 425 1408 finxit
440 1376 530 1405 binas
554 1384 620 1404 esse
646 1374 834 1404 hominibus
858 1382 946 1412 peras

108 1423 186 1454 hinc
203 1425 230 1453 ὅ(
247 1421 321 1451 inde
337 1421 535 1459 pendente53
559 1418 593 1448 in
608 1426 680 1448 eam
693 1426 766 1455 quse
781 1421 857 1445 ante
873 1425 948 1454 pec-

109 1472 161 1494 tus
179 1466 289 1505 reponi
304 1464 408 1494 aliena
423 1462 531 1499 mala3
556 1461 685 1500 propria
706 1459 782 1489 vero
804 1459 837 1488 in
859 1459 947 1488 illam

111 1518 183 1547 quae
212 1510 229 1538 a
255 1515 343 1547 tergo
370 1511 429 1543 est,
455 1506 588 1543 conjici:
623 1503 709 1533 unde
734 1506 840 1532 nostra
860 1511 949 1531 nun-

111 1561 225 1590 quam,
254 1552 359 1580 aliena
389 1557 515 1586 semper
545 1546 723 1576 videamus.
769 1544 811 1575 D.
837 1544 952 1575 Hiero-

112 1604 201 1633 nym.
217 1594 320 1633 Epist.
339 1593 391 1622 91.
436 1590 582 1620 Nostram
602 1598 709 1627 peram
726 1596 786 1617 non
803 1587 951 1626 videntes,

112 1637 253 1675 aliorum,
261 1636 360 1674 juxta
376 1633 525 1672 Persium,
539 1632 704 1662 manticam
719 1630 948 1661 consideramus.

113 1680 280 1717 Horatius,
294 1679 348 1708 lib.
367 1678 396 1707 2.
413 1678 478 1707 Sat.
494 1677 524 1706 3.

154 1722 279 1752 Dixerit
294 1722 434 1751 insanum
449 1719 502 1757 qui
514 1728 571 1756 me,
587 1717 713 1748 totidem
728 1716 848 1756 audiet,
861 1721 956 1757 atque

157 1765 317 1804 Respicere
329 1764 434 1804 ignoto
449 1763 544 1791 discet
550 1760 721 1800 pendentia
737 1764 834 1801 tergo.

116 1810 267 1841 Catullus
285 1807 391 1838 Carm.
406 1806 458 1835 22.
475 1815 505 1834 v.
522 1805 581 1835 ult.

157 1851 229 1881 Non
245 1851 378 1880 videram⁸
391 1848 425 1877 id
436 1848 576 1878 mantica,-
590 1847 672 1887 quod
685 1845 716 1876 in
734 1850 819 1888 tergo
833 1851 887 1877 est.

159 1897 213 1926 25.
232 1893 415 1927 Quaesieris.,·
436 1890 558 1928 nostin',
575 1888 648 1931 ga]
666 1889 711 1920 Ut
728 1896 835 1929 pateat
851 1891 954 1921 omni-

117 1941 176 1970 bus
193 1939 292 1978 quam
304 1943 379 1966 nota
393 1944 520 1974 semper
533 1935 653 1972 cuique
665 1934 729 1963 sint
742 1933 846 1964 aliena
856 1934 955 1972 mala,

118 1991 228 2023 quaere
243 1982 270 2011 ἀ
287 1979 444 2010 sciscitare
459 1978 499 2007 ab
514 1977 623 2016 aliquo
638 1976 816 2015 nebulone,
828 1986 870 2006 an
881 1986 956 2016 cog-

121 2030 230 2056 noscat
244 2023 345 2054 atium
362 2021 559 2051 nebulonem
582 2019 793 2059 quempiamt
823 2019 877 2049 ille
891 2027 954 2050 sta-

120 2070 180 2099 tim
210 2065 426 2106 respondebit,
455 2073 489 2093 se
521 2063 612 2093 nosse
643 2063 737 2092 illurn
774 2062 957 2100 hominem,

119 2114 256 2150 ejusque
277 2108 382 2138 sordes
398 2109 425 2136 Sc
442 2107 625 2136 avaritiam:
655 2105 686 2134 &2
708 2105 752 2134 sic
773 2106 843 2143 ejus
857 2105 957 2135 insec-

122 2155 240 2184 tabitur
264 2151 394 2191 flagitia,
416 2155 455 2179 ut
470 2150 494 2181 si
511 2150 578 2188 ipse
598 2148 766 2186 innocens,
790 2158 827 2178 ac
851 2148 956 2179 homi-

122 2207 204 2228 num
220 2201 300 2225 esset
325 2193 556 2230 sanctissimus,
580 2191 741 2230 planeque
764 2190 824 2220 illis
840 2195 959 2221 careret

70 2266 74 2269 t
122 2241 218 2278 vitiis,
247 2247 319 2277 quae
351 2237 384 2266 in
422 2235 483 2265 alio
513 2234 719 2273 reprehendit
755 2234 782 2263 <Sc
815 2233 957 2265 damnat.

123 2284 214 2314 Tull.
237 2281 336 2312 Tusc.
362 2280 484 2311 Quaest.
507 2279 539 2307 3.
566 2286 598 2306 n.
625 2278 675 2307 73.
722 2276 821 2306 Avari
838 2286 958 2315 avaros,

119 2326 228 2366 gloria?
245 2323 367 2362 cupidos
379 2321 505 2361 gloriosi
526 2317 759 2358 reprehendunt.
802 2319 863 2349 Est
885 2321 963 2350 enim

118 2369 275 2408 proprium
286 2365 429 2396 stultitiae
444 2363 573 2394 anorum
588 2362 663 2392 vitia
678 2372 812 2403 cernere,
829 2362 965 2394 oblivisci

125 2421 253 2442 suorum.

173 2452 307 2492 Vectidi]
332 2452 411 2483 Alii.
437 2449 551 2480 Vetidii
559 2459 573 2484 ,-
595 2449 659 2486 alii,
689 2446 824 2478 Ventidii
834 2459 844 2476 .-
877 2449 966 2488 quis-

127 2499 198 2537 quis
214 2498 267 2526 ille
282 2496 428 2533 tandem,
452 2494 469 2522 a
483 2492 589 2522 Persio
604 2498 733 2521 notatur
746 2492 837 2522 velut
851 2501 964 2522 avarus

123 2542 221 2578 juxta
235 2549 270 2569 ac
286 2540 383 2569 dives.
426 2536 554 2568 Cornel.
571 2534 675 2565 Tacit.
693 2535 811 2564 Annal.
831 2534 884 2564 lib.
913 2536 963 2566 12.

127 2583 277 2613 meminit
288 2580 439 2612 Ventidii
451 2579 661 2610 Galilaeorum
679 2577 824 2608 Praefecti
844 2587 881 2608 ac
905 2578 962 2609 de·

127 2625 318 2666 praedatoris.

172 2667 269 2706 Cujus
281 2667 315 2705 ἓ]
342 2666 457 2705 lnquit
472 2665 526 2695 ille
536 2663 657 2695 nebulo
670 2664 882 2703 interrogatus
895 2675 901 2693 :
926 2665 965 2695 de

127 2721 194 2750 quo
209 2709 328 2748 nempe
341 2707 502 2748 loqueris?
526 2707 657 2738 Scilicet
678 2708 718 2737 de
735 2707 869 2736 homino
884 2716 966 2747 opu-

126 2756 215 2786 lento
231 2752 379 2793 quidem,
396 2751 448 2780 sed
466 2751 616 2781 omnibus
628 2750 751 2787 odioso,
765 2750 823 2778 &o

170 2797 225 2827 26.
262 2792 407 2834 Curibus]
443 2793 536 2823 Cures
564 2794 634 2823 urbs
665 2793 857 2823 Sabinorum
886 2793 965 2824 olim

125 2840 290 2882 primaria,
315 2838 349 2867 in
365 2846 429 2876 qua
446 2835 539 2865 Titus
554 2836 668 2866 Tatius
684 2835 911 2875 imperitabat3
937 2838 964 2866 δι

125 2884 214 2915 unde
242 2886 371 2911 vocatus
398 2879 437 2908 ad
469 2879 667 2917 regnandum
706 2879 816 2910 Romae
855 2879 967 2910 Numa

127 2925 316 2964 Pompilius.

172 2968 328 3001 Quantum
343 2975 401 2995 non
423 2963 532 2993 milvus
553 2964 684 3002 oberret]
708 2965 967 3004 Hyperbolicum

125 3012 291 3051 adagium:
327 3012 472 3048 qnantum
496 3007 580 3036 milvi
606 3007 731 3036 volant:
760 3008 790 3036 id
816 3014 875 3045 est,
899 3013 966 3037 tam

127 3055 250 3093 amplas
262 3054 359 3083 habet
374 3052 428 3082 ille
442 3050 651 3090 possessiones
676 3051 705 3079 δι
722 3049 905 3088 latifundia,
930 3057 968 3081 ut

123 3106 162 3128 ea
174 3098 231 3128 vix
248 3096 316 3128 tota
337 3095 389 3128 die
412 3094 541 3132 milvus,
563 3093 686 3132 alioqui
710 3092 834 3123 volatus
857 3094 965 3133 perni-

985 684 1115 722 cissimi,
1131 683 1359 714 circumvolare
1377 691 1468 722 posse
1484 681 1638 712 videatur.

983 727 1154 758 Juvenalis
1170 728 1234 757 Sat.
1249 728 1278 758 9.
1299 736 1327 755 v.
1343 728 1393 756 55.

1071 770 1189 800 M'ilvos
1204 770 1288 799 intra
1303 772 1356 798 lua
1367 780 1485 809 pascua
1501 768 1603 798 lassos.

1029 815 1082 844 27.
1107 814 1211 852 Hunc,
1226 813 1298 843 Diis
1313 812 1415 852 iratis]
1438 814 1544 849 Hunc,
1561 811 1662 848 hunc,
1678 810 1828 849 inquam5

987 857 1160 886 hominum
1185 866 1221 886 ac
1246 856 1394 886 Deorum
1411 856 1492 886 'odio
1516 855 1675 894 dignum3
1700 854 1754 883 cui
1778 854 1824 883 in-

987 900 1076 929 fensa
1092 905 1140 929 tot
1156 901 1197 930 ob
1223 908 1325 929 noxas
1348 899 1494 929 Numina
1511 907 1570 928 nec
1586 906 1695 926 sanam
1711 896 1825 926 dedere

988 948 1147 980 mentem,
1165 949 1202 972 ut
1217 942 1334 972 divitiis
1347 943 1411 972 suis
1429 947 1548 972 utatur.

1032 985 1185 1024 Genioque
1199 983 1337 1026 sinistro]
1363 985 1504 1015 Adverso
1529 985 1558 1013 δι
1580 982 1737 1013 contrario
1760 981 1827 1012 Ge-

988 1028 1043 1057 nio
1057 1028 1232 1067 voluptatis
1245 1027 1330 1066 Deo,
1342 1028 1398 1057 ille
1411 1028 1554 1067 seipsum
1569 1026 1735 1057 defraudat
1749 1026 1828 1064 suis,

989 1071 1017 1100 &
1035 1071 1119 1101 inter
1133 1081 1209 1111 opes
1225 1080 1356 1110 magnas
1370 1071 1464 1101 miser
1477 1077 1532 1101 est.

988 1113 1092 1144 Plaut.
1109 1114 1244 1144 Trucui.
1260 1114 1356 1143 Scen.
1367 1115 1399 1143 2.

1031 1156 1093 1186 Sed
1107 1158 1161 1187 isti
1175 1158 1227 1197 qui
1247 1167 1313 1186 cum
1328 1156 1434 1188 Geniis
1455 1156 1518 1187 suis
1537 1155 1721 1197 belligerant
1740 1154 1830 1193 parci

1115 1210 1228 1238 prome.

1032 1243 1086 1273 28.
1114 1242 1175 1276 Qui
1195 1243 1372 1283 quandoque
1379 1243 1508 1284 jugum,
1531 1242 1599 1281 ξω]
1621 1240 1756 1282 Egregia
1771 1241 1830 1272 ho—

990 1287 1087 1317 minis
1110 1288 1194 1317 avari
1218 1288 1387 1326 descriptio
1417 1297 1460 1316 ex
1488 1286 1657 1324 adjunctis.
1713 1283 1755 1320 Is,
1781 1284 1833 1313 in-

991 1329 1074 1369 quit,
1098 1330 1195 1360 etiam
1222 1337 1293 1360 tum
1316 1329 1483 1360 defraudat
1499 1329 1656 1366 Genium,
1679 1327 1754 1357 cum
1779 1327 1832 1357 alii

992 1372 1100 1403 Genio
1126 1373 1294 1413 indulgent
1323 1373 1541 1412 potissimum,
1576 1381 1613 1401 ac
1644 1368 1832 1410 epulantur,

992 1415 1044 1445 die
1070 1415 1192 1456 nempe
1219 1417 1314 1455 festo,
1338 1417 1367 1446 δε
1384 1415 1516 1456 quando
1538 1423 1622 1454 opus
1648 1413 1833 1444 intermitti-

993 1463 1058 1488 tur.

1038 1502 1170 1543 Jugum]
1185 1502 1350 1543 Ligneum
1365 1502 1618 1532 instrumentum
1633 1509 1700 1539 quo
1712 1499 1751 1529 ad
1767 1507 1834 1529 ara·

997 1549 1082 1574 trum
1094 1546 1281 1585 junguntur
1297 1547 1325 1575 ἅ-
1344 1545 1613 1584 constringuntur
1623 1544 1730 1573 boves.

1038 1588 1092 1617 Aa
1116 1589 1246 1627 compita
1261 1588 1353 1629 figit]
1377 1588 1445 1618 Cur
1465 1588 1506 1616 ad
1532 1587 1687 1626 compita,
1712 1586 1741 1615 δε
1765 1594 1833 1616 non

997 1630 1085 1660 domi
1113 1641 1148 1661 ac
1173 1632 1265 1662 solito
1286 1632 1357 1661 loco
1379 1631 1500 1661 dicatur
1518 1631 1638 1669 jugum
1660 1629 1728 1669 figi,
1748 1629 1834 1658 mul·

997 1673 1068 1703 tum
1093 1675 1215 1705 laborat
1239 1685 1276 1704 ac
1301 1679 1470 1714 torquetur
1487 1673 1711 1710 Casaubonus,
1735 1677 1835 1711 atque

997 1716 1031 1745 in
1046 1726 1078 1746 re
1102 1723 1168 1747 tam
1194 1718 1362 1757 perplexa,
1386 1723 1424 1747 ut
1449 1721 1556 1756 putat,
1580 1716 1710 1745 recurrit
1724 1715 1762 1745 ad
1778 1714 1837 1744 ali-

999 1768 1099 1798 quem
1126 1761 1389 1800 compitaliorum
1421 1761 1517 1790 ritum
1548 1759 1641 1790 nobis
1671 1759 1837 1797 ignotum,

999 1812 1099 1841 quem
1122 1805 1310 1842 spectaverit
1330 1803 1385 1833 hic
1401 1802 1536 1833 Persius.
1581 1802 1838 1841 Interpretantur

998 1854 1112 1876 omnes
1136 1847 1202 1885 alii,
1224 1847 1277 1887 figi
1302 1847 1432 1877 solitum
1448 1847 1486 1876 ad
1515 1845 1603 1885 palos
1619 1844 1776 1884 quosdam
1800 1844 1833 1874 in

998 1889 1146 1927 compitis
1165 1890 1299 1929 jugum,
1322 1889 1452 1929 quando
1470 1888 1578 1918 rustici
1600 1894 1672 1927 post
1686 1896 1836 1926 agrorum

999 1932 1157 1962 sationem
1175 1933 1269 1962 Lares
1296 1934 1330 1962 in
1353 1932 1503 1971 compitis
1528 1939 1571 1961 ex
1586 1940 1676 1960 more
1689 1930 1838 1961 colebant

1000 1983 1086 2006 sacro
1109 1975 1204 2013 facto,
1239 1978 1268 2006 ἃ
1299 1975 1426 2005 hilarius
1456 1974 1604 2004 convivia
1633 1973 1833 2005 celebrando.

1001 2017 1129 2057 Nempe
1145 2018 1229 2049 feriis
1245 2020 1305 2050 illis
1321 2019 1427 2056 sacris,
1450 2023 1487 2046 ut
1502 2018 1548 2047 ait
1562 2016 1712 2047 Tibullus
1734 2016 1789 2048 lib.
1805 2018 1837 2048 2.

1001 2060 1090 2100 Eleg.
1108 2063 1135 2090 1.

1088 2102 1172 2134 Luce
1207 2104 1297 2135 sacr&
1334 2103 1495 2143 requiescit
1530 2101 1648 2140 humus,
1680 2103 1848 2141 requiescit·

1203 2151 1321 2186 arator,

1129 2191 1175 2220 Et
1185 2200 1283 2232 grave
1297 2199 1437 2230 suspenso
1452 2200 1567 2221 vomere
1580 2191 1678 2218 cessat
1692 2197 1777 2227 opus.

1002 2231 1091 2265 Quid
1106 2234 1131 2263 si
1148 2234 1295 2264 Persium
1320 2234 1509 2272 simpliciter
1534 2232 1755 2271 intelligamus
1769 2232 1840 2262 dix-

1001 2275 1061 2305 isse
1079 2276 1194 2317 jugum
1212 2277 1277 2317 figi
1305 2286 1520 2316 quocumque
1543 2275 1676 2305 tandem
1704 2275 1787 2313 loco,
1810 2276 1840 2304 ἅτ

1008 2328 1090 2358 opus
1114 2320 1283 2350 intermitti
1308 2330 1366 2350 seu
1380 2319 1475 2357 finiri,
1498 2319 1540 2348 ad
1552 2317 1684 2356 compita
1699 2319 1786 2355 vero,
1809 2318 1840 2349 ir}

1009 2369 1066 2400 est,
1089 2363 1128 2392 ad
1155 2363 1351 2401 compitalia,
1388 2363 1416 2391 ὃ(
1444 2362 1484 2392 ad
1512 2360 1690 2400 peragenda
1717 2360 1771 2390 illa
1797 2370 1839 2390 ex

1008 2414 1098 2436 more
1113 2406 1219 2436 sacra?
1242 2406 1290 2436 lta
1304 2405 1389 2435 certe
1405 2405 1509 2434 nodus
1533 2405 1588 2433 ille
1613 2402 1739 2432 videtur
1754 2412 1843 2441 posse

1008 2455 1067 2478 aut
1081 2449 1173 2487 solvi,
1195 2454 1254 2479 aut
1267 2449 1380 2486 scindi,
1406 2449 1433 2477 δε
1450 2447 1535 2477 facili
1550 2445 1684 2485 quidem
1698 2446 1841 2485 negotio.

1008 2491 1127 2531 Neque
1152 2493 1227 2521 vero
1252 2492 1436 2530 epitheton,
1454 2494 1589 2531 pertusa,
1614 2495 1726 2518 nostrae
1755 2489 1845 2520 obest

1008 2535 1285 2574 interpretationi:
1309 2534 1467 2573 siquidem
1491 2532 1635 2572 designat
1653 2531 1775 2560 tantum
1793 2541 1844 2562 so-

1008 2577 1074 2608 lere
1089 2578 1276 2618 compitalia
1290 2578 1440 2607 celebrari
1461 2578 1496 2606 in
1510 2576 1588 2606 locis
1603 2574 1719 2614 perviis
1734 2575 1762 2603 ἂ
1779 2574 1844 2605 fre-

1009 2622 1187 2660 quentatis,
1209 2621 1356 2660 adeoque
1381 2621 1416 2649 in
1440 2618 1597 2658 compitis.
1646 2616 1745 2650 Quod
1773 2618 1846 2657 qui·-

1009 2664 1083 2694 dem
1101 2670 1226 2694 constat
1242 2674 1286 2694 ex
1301 2663 1480 2700 Macrobio,
1505 2663 1533 2691 Sc
1545 2661 1623 2691 aliis.

1052 2708 1106 2738 29.
1129 2706 1268 2746 Seriolae]
1303 2706 1418 2736 seriola
1447 2704 1679 2734 diminutivum
1711 2703 1729 2732 a
1755 2704 1846 2742 seria,

1011 2759 1082 2788 quae
1110 2760 1163 2780 vas
1185 2758 1233 2780 est
1256 2750 1353 2779 fictile
1374 2748 1545 2784 vinarium,
1568 2748 1664 2776 instar
1682 2755 1781 2784 urnae,
1805 2746 1847 2776 de

1010 2802 1077 2832 quo
1100 2794 1169 2831 jam
1186 2793 1252 2823 Sat·
1267 2793 1298 2822 2.
1344 2791 1486 2822 Adverte
1510 2790 1563 2820 hic
1588 2790 1728 2829 singulas
1752 2798 1846 2819 voces

1012 2836 1154 2866 hominis
1168 2836 1330 2866 avaritiam
1342 2840 1502 2865 notantes.

1059 2878 1188 2917 Veteris]
1225 2878 1312 2908 Nam
1342 2876 1467 2906 dudum
1497 2877 1695 2913 servabatur,
1720 2875 1749 2904 δε
1780 2874 1850 2904 rard

1011 2922 1217 2952 hauriebatur
1235 2923 1263 2951 δε
1278 2920 1442 2950 modicum
1459 2920 1594 2959 quidem
1609 2930 1617 2948 :
1643 2927 1709 2948 non
1725 2918 1847 2948 mirum

1012 2975 1086 3004 ergo
1101 2966 1127 2994 si
1144 2965 1319 3003 vappescit.

1053 3008 1212 3037 Deradere
1226 3005 1341 3044 limum]
1367 3004 1454 3035 Luto
1468 3005 1588 3035 scilicet
1603 3008 1658 3034 aut
1675 3004 1747 3043 pice
1761 3001 1847 3035 doliv-

1012 3051 1040 3079 &
1058 3060 1131 3080 vasa
1146 3050 1264 3080 vinaria
1277 3048 1508 3079 obturabantur
1521 3048 1630 3089 priscis
1646 3047 1717 3077 illis.

1010 3092 1124 3124 Horat.
1138 3093 1190 3125 lib.
1207 3094 1236 3123 1.
1252 3091 1323 3122 Ode
1337 3092 1380 3122 20
1394 3102 1401 3120 :
