1948 3281
681 91 866 134 PERSII
898 87 1120 133 SATIRA
1148 90 1206 135 V.

76 186 316 229 Nascuntur
338 181 527 225 domini?
563 180 634 238 qui
659 190 702 223 tu
725 180 965 237 impunitior
985 180 1069 222 exis

76 244 217 299 Atque
245 241 327 293 hic,
356 255 481 297 quem
513 239 562 281 ad
594 238 764 296 strigiles
793 238 948 280 scutica
972 239 1012 280 δι
1032 246 1165 280 metus
1185 237 1266 294 egit

250 299 386 339 herilis
406 299 418 338 ?

76 357 224 406 Mane,
244 355 371 411 piger,
390 354 520 396 stertis
540 370 550 395 z
586 358 600 378 ‘
623 355 766 410 Surge,
786 353 919 409 inquit
939 351 1147 405 Avaritia3

556 415 569 435 ‘
591 412 738 461 Instat,
761 412 907 467 Surge,
937 409 1105 466 inquit.'

78 419 92 439 ‘
116 413 277 470 Surge.’

249 484 370 525 queo.

338 414 493 468 Negas.

433 473 447 493 ‘
470 468 631 525 Surge.’

1704 94 1783 135 331

1189 180 1268 222 130
1280 181 1390 212 domim*
1405 182 1582 214 intrinsecus
1596 184 1742 223 oriantur,
1764 188 1789 223 ις

1279 226 1310 254 in
1325 223 1434 263 hepate
1457 228 1535 256 male
1559 228 1695 265 affecto,·
1717 238 1790 266 quo-

1278 269 1363 297 modo
1390 272 1423 297 tu
1449 270 1514 298 abis
1543 270 1637 299 minus
1662 271 1790 308 punitus

1279 312 1369 349 qudm
1393 311 1452 348 ille,
1477 322 1562 350 quem
1576 312 1738 352 flagellum
1766 315 1789 350 g·

1180 350 1242 406 eja
1280 354 1368 402 tirnor
1390 353 1501 425 {omini
1516 354 1698 426 anuplt'tsspd
1720 357 1792 403 stri-

1325 406 1356 426 es
1413 406 1427 425 e
1445 406 1512 426 eren
1537 407 1589 426 as.
1671 401 1792 426 atutzno

1166 410 1266 451 Non
1277 399 1410 478 {rgnpore
1419 396 1569 477 fdormis,
1607 440 1628 469 ὀ
1659 439 1768 477 ignat-e
1780 451 1789 468 .·

1283 483 1370 514 Quin
1393 482 1608 522 expergiscere,
1636 481 1681 510 ait
1698 492 1791 520 pecu·

76 530 132 570 Et
153 527 251 584 quid
275 541 389 583 agam
408 527 421 567 ?
459 531 472 552 ‘
496 526 663 582 Rogitas
682 526 696 565 ?
732 524 926 579 Saperdas
950 524 1100 565 advehe
1118 524 1267 574 Ponto,
1281 525 1337 554 ⁷¹5oe
1347 526 1524 563 cupiditas,-
1545 525 1674 565 agedum
1688 534 1792 562 exper-

78 590 94 610 ‘
117 585 375 635 castoreum,
399 593 580 638 stuppas,
605 582 825 632 habenum,
851 583 962 632 thus,
986 580 1140 622 lubrica
1163 580 1266 621 Coa.

76 646 91 667 ‘
110 642 227 683 Tolle
250 656 386 682 recens
409 641 562 695 primus
586 640 697 693 piper
717 641 740 679 e
763 638 923 680 sitiente
944 637 1132 678 camelo.’

1277 568 1395 607 giscere
1472 567 1568 601 Quod
1605 568 1630 597 si
1667 567 1791 596 renuis.-

1281 615 1382 650 urget,
1403 611 1524 649 aitque,
1548 610 1656 640 lectum
1679 609 1792 639 desere.

1191 639 1267 677 13ss
1281 653 1351 681 Non
1372 664 1505 693 possum,
1528 654 1646 692 inquis.
1693 651 1793 682 Instat

78 700 141 734 illa,
156 709 279 739 exurge.
323 699 369 728 Et
384 698 653 737 quidnamfaciam
665 698 679 725 ,Ρ
707 696 822 729 Quaeris
837 697 850 725 ,2
876 697 906 725 E
926 696 1024 726 Ponto
1040 695 1096 724 huc
1107 698 1235 733 apporta
1250 697 1406 734 saperdas,
1422 701 1597 733 castoreum,
1613 695 1672 725 vile
1685 695 1792 732 linum,

76 743 208 782 ebenum,
222 743 300 781 thus,
312 742 522 777 vinafluentia
538 751 580 770 ex
597 740 705 770 Insula
720 739 773 768 Co.
816 740 997 777 Defi‘rante
1010 737 1088 768 alios
1098 739 1188 778 piper
1200 748 1305 767 not-um
1321 738 1336 767 ἑ
1353 738 1466 768 camelo
1481 739 1644 769 sitibundo.

123 873 195 902 150.
220 871 397 902 Nascuntur
413 869 538 907 domini]
571 869 750 908 Imperiosa:
767 867 914 898 libidines

79 920 113 945 te
129 915 275 953 quolibet
285 915 336 944 vel
348 915 487 944 invitum
502 918 674 951 raptantes‚
689 911 827 950 pigritia,
841 920 912 940 avu-

79 958 162 995 ritia,
179 958 316 995 luxuria,
341 959 398 986 &c.
424 963 460 985 ut
486 965 562 985 mox
581 955 703 993 patebit
718 954 870 993 exemplo
884 954 911 982 &

83 1001 292 1038 experientia.

123 1042 184 1075 Qut
200 1046 234 1073 tu
254 1042 427 1082 impunitior
442 1041 520 1080 exis]
543 1040 716 1073 Quomodo
738 1044 775 1069 tu
791 1040 913 1069 serviles

78 1095 190 1124 poenas
218 1095 284 1116 non
310 1086 416 1123 subis3
443 1086 469 1114 ἃς
498 1095 554 1114 cur
578 1084 712 1122 impune
732 1083 912 1112 libertatem

77 1134 218 1158 ostentas
235 1130 267 1158 in
283 1134 349 1158 tam
364 1128 425 1158 acri
439 1127 586 1166 duroque
603 1126 742 1163 servitio,
760 1134 826 1165 quo
840 1126 913 1165 qui-

78 1171 153 1201 dem
168 1172 261 1201 civile
278 1173 304 1201 δε
323 1178 496 1201 externum
514 1170 604 1209 pejus
621 1179 686 1199 non
704 1174 762 1198 est.

79 1213 197 1245 Horat.
214 1215 265 1244 lib.
285 1215 317 1249 2,
336 1215 401 1244 Sat.
422 1216 451 1244 7.

171 1257 266 1297 Terga
279 1256 399 1295 plector
414 1258 511 1285 enim:
536 1256 587 1294 qui
602 1258 634 1284 tu
650 1254 848 1293 impunitior?

124 1301 196 1329 1531:
219 1301 321 1338 Atque
333 1300 393 1336 hic,
409 1310 506 1338 quem,
523 1298 590 1336 ζα]
614 1298 680 1327 Cur
703 1298 810 1327 minus
827 1299 912 1336 plee-

79 1343 166 1380 teris,
183 1344 281 1382 quam
298 1343 353 1371 ille
367 1351 486 1380 servuS,
500 1342 557 1381 qui
573 1341 631 1370 sub
647 1340 737 1370 herili
756 1345 914 1379 potestate

78 1395 248 1424 poenarum
260 1391 351 1415 metu
364 1385 502 1425 adigitur
509 1385 547 1415 ad
558 1383 776 1414 facessendum
791 1383 914 1414 domini

79 1428 176 1457 civilis
197 1428 384 1466 imperium,
406 1438 434 1458 v.
461 1438 492 1468 g.
513 1427 552 1457 ad
575 1426 706 1466 strigiles
728 1426 766 1455 ad
789 1427 913 1466 balnea,

85 1471 153 1500 sine
169 1480 255 1500 mora
269 1471 464 1508 deferendas,
482 1472 539 1501 dcc.

123 1513 259 1552 Scutica]
284 1514 465 1554 Flagellum
487 1514 504 1543 ὲ
528 1513 612 1543 loris.
646 1512 768 1551 Graeee,
790 1522 827 1542 το
842 1524 912 1543 σκυ-

81 1555 158 1593 τβε,
176 1557 294 1595 pellem
311 1558 339 1585 δι
356 1557 477 1586 corium
491 1556 654 1596 significat.

124 1600 194 1629 182.
222 1599 333 1637 3Iane,
353 1600 458 1639 piger,
481 1598 597 1636 stertis]
627 1597 842 1637 Dialogismus
865 1605 914 1630 est

79 1641 220 1672 Damam
246 1643 328 1672 inter
352 1644 379 1672 δι
403 1642 578 1678 avaritiam,
594 1641 771 1679 luxuriam,
787 1642 913 1682 aliaque

79 1685 156 1713 vitia
169 1696 177 1722 3
207 1685 262 1714 ubi
273 1684 353 1714 clare
364 1684 544 1714 indicantur
557 1685 584 1713 δι
599 1684 759 1721 sigillatim
769 1684 914 1723 Tyranni

78 1727 165 1756 intus
180 1728 395 1763 dominantes,
409 1728 474 1756 huc
490 1727 632 1765 illucque
647 1726 866 1763 distrahentes,
884 1729 913 1757 ὅτ

78 1770 234 1800 miserum
249 1771 342 1809 quasi
361 1770 593 1808 distorquentes
613 1769 912 1809 discerpentesque3

78 1821 136 1851 per
158 1813 412 1852 prosopopoeiam
436 1813 615 1852 elegantem
637 1812 786 1851 avaritiae,
814 1812 912 1842 luxu-

82 1855 147 1892 riae,
163 1856 221 1885 &c-

120 1897 232 1938 Surge,
258 1899 356 1937 inquit
379 1898 525 1936 avaritia]
560 1897 651 1930 Quin
674 1897 914 1928 divitiisrstudes

82 1941 343 1971 accumulandis?
367 1942 451 1980 Age,
467 1942 581 1971 labora.

127 1985 196 2012 133.
220 1983 292 2013 Non
307 1984 395 2023 queo]
419 1983 546 2023 Pigritia
561 1984 678 2022 nempe
695 1984 844 2014 retineor.

124 2027 196 2055 134.
212 2026 257 2055 Et
271 2027 344 2065 quid
355 2036 446 2066 agam
457 2026 487 2065 J]
504 2026 569 2056 Cur
578 2025 681 2056 otium
694 2036 805 2056 meum
818 2028 913 2057 inter·

81 2067 209 2098 turbas?
230 2069 337 2108 inquit
347 2071 451 2100 Dama
461 2070 565 2109 piger:
587 2070 665 2108 quid
676 2079 728 2099 me
737 2068 840 2099 facere
850 2070 915 2099 vis?

125 2109 272 2151 Rogitas]
296 2110 397 2141 Instat
413 2119 569 2151 urgetque
590 2113 730 2150 avaritia,
746 2111 846 2142 donec
861 2113 914 2142 de-

78 2154 180 2183 sidem
196 2155 211 2183 ὲ
236 2154 334 2183 cubili
359 2155 551 2184 excusserit:
576 2155 736 2194 docetque
757 2156 914 2186 rationem

80 2197 221 2236 quaestus
236 2196 372 2226 faciendi
385 2196 601 2227 certissimam.

123 2239 273 2278 Saperclas
300 2238 413 2269 advehe
432 2237 546 2278 Ponto]
579 2240 609 2270 N
613 2241 760 2278 egotiare,
788 2241 913 2280 naviga,

80 2291 177 2321 perge
190 2283 223 2312 in
238 2282 390 2318 Pontum,
407 2283 583 2321 peregrinas
601 2292 720 2312 merces
736 2283 801 2312 huc
814 2284 912 2313 adve-

80 2324 134 2362 he,
151 2325 334 2354 mercaturis
348 2325 498 2354 faciendis
513 2335 589 2364 opes
606 2335 764 2364 compara.

123 2367 289 2406 Saperdas]
324 2367 418 2397 Piscis
445 2373 502 2405 est,
533 2369 589 2407 qui
614 2369 649 2397 in
676 2369 810 2398 Pontico
836 2370 914 2399 mari

81 2411 215 2449 capitur.
260 2410 480 2448 Synecdoche,
494 2420 550 2449 pro
563 2410 651 2440 omni
666 2412 801 2449 piscium
819 2421 913 2451 gene-

80 2462 125 2481 re.
171 2452 337 2491 Saperdam
350 2454 366 2481 a
380 2462 490 2492 sapore
503 2453 623 2483 eximio
637 2454 700 2483 dici
713 2454 846 2493 quidam
860 2464 913 2483 vo-

80 2494 173 2524 lunt:
197 2501 230 2525 at
246 2502 401 2534 repugnat
422 2496 615 2533 Athenaeus,
637 2496 691 2526 lib.
712 2498 743 2526 3.
768 2506 836 2536 cap.
861 2498 914 2528 80.

83 2537 138 2566 ubi
156 2538 325 2567 Ponticum
339 2538 510 2568 obsonium
526 2539 667 2577 saperda,
692 2540 754 2569 vile
772 2541 800 2569 ὃ(
823 2541 913 2580 igno-

82 2579 147 2609 bile
163 2580 309 2610 edulium
326 2581 514 2620 appellatur.

123 2622 238 2661 Ponto]
269 2623 388 2653 Pontus
413 2623 537 2662 proprie
565 2629 698 2654 vocatur
720 2624 800 2654 illud
828 2634 913 2656 mare

83 2665 171 2703 quod
187 2665 205 2694 a
222 2665 372 2695 Maeotide
397 2666 513 2704 palude
529 2667 566 2695 ad
583 2665 754 2696 Tenedum
771 2667 912 2698 Insulam

81 2708 284 2737 continetur:
321 2710 544 2747 complectitur
569 2710 679 2747 itaque
707 2709 913 2748 Bosphorum

83 2755 273 2788 utrumque,
299 2748 539 2789 Propontidem,
578 2753 606 2781 ἀ
639 2751 777 2781 Pontum
812 2753 914 2783 Euxi-

81 2800 178 2828 num,
192 2792 249 2830 qui
266 2791 428 2823 Herodoto
443 2795 498 2824 lib.
513 2797 543 2824 4.
558 2794 753 2831 describitur,
769 2801 913 2826 vocatur-

83 2843 150 2871 que
176 2834 289 2873 dignus
317 2834 525 2867 admiratione
556 2839 639 2867 inter
669 2837 778 2866 omnia
802 2839 912 2868 maria.

84 2876 139 2905 Sic
156 2877 184 2905 δε
203 2877 346 2915 proxima
361 2879 447 2917 regio
460 2879 577 2909 Pontus
593 2886 731 2909 vocatur.

130 2919 200 2947 ¹35·
247 2918 438 2959 CaSloreum]
488 2922 630 2954 Quidam
665 2923 915 2961 interpretantur

86 2960 221 2991 Castoris
235 2961 365 3000 pellem,
390 2963 406 2991 ὲ
422 2964 513 3001 cujus
529 2966 609 2995 villis
626 2965 723 3004 galeri
736 2965 913 2996 conficiun-

83 3008 136 3032 tur
148 3004 309 3041 exquisiti.
352 3005 419 3034 Alii
443 3008 622 3045 testiculos,
647 3007 665 3037 ὲ
689 3009 804 3047 quibus
821 3009 913 3046 phar-

83 3054 174 3075 maca
189 3045 275 3075 valde
292 3046 392 3076 utilia.
438 3048 591 3081 Herodot.
619 3051 674 3081 lib.
698 3052 730 3081 4.
753 3051 834 3083 Prin.
857 3051 914 3083 lib.

84 3086 115 3116 8.
127 3096 197 3128 cap.
213 3088 265 3119 30.
310 3089 353 3119 Et
368 3089 423 3121 lib.
439 3092 494 3124 32.
507 3101 578 3133 cap.
593 3094 629 3124 3.

957 867 1072 906 Virgil.
1091 868 1206 907 Georg.
1226 870 1254 897 1.

999 926 1430 936 --—--·-—-—-·-——-
1445 911 1608 952 Virosaque
1624 912 1742 942 Pontus

1003 954 1159 983 Castorea.

956 996 1111 1027 Juvenal.
1128 998 1192 1027 Sat.
1210 999 1258 1028 12.

1266 1040 1408 1070 Imitatus
1424 1041 1564 1079 Castora,
1581 1042 1675 1081 quise

998 1083 1180 1113 Eunuchum
1195 1084 1362 1123 ipseflzcit,
1377 1085 1499 1122 cupiens
1511 1086 1636 1114 evadere
1651 1086 1759 1115 damno

1003 1127 1216 1156 Testiculorum
1228 1138 1243 1162 ‚·
1275 1127 1349 1155 adeo
1371 1127 1550 1157 medicatum
1573 1128 1723 1169 intelligit
1743 1129 1791 1159 in·

1084 1180 1178 1210 guen.

956 1213 1062 1243 Aiunt
1093 1213 1210 1252 nempe
1235 1212 1401 1243 Castorem
1427 1222 1483 1244 seu
1512 1213 1644 1251 fibrum,
1672 1215 1792 1247 animat

955 1257 1154 1295 aquaticum,
1183 1257 1272 1285 lutrae
1297 1257 1450 1294 speciem,
1478 1258 1532 1286 cui
1561 1257 1652 1293 piscis
1678 1259 1792 1296 cauda,

956 1300 1030 1328 alias
1047 1299 1218 1328 Ponticum
1235 1308 1361 1336 canem,
1378 1299 1620 1338 insequentibus
1636 1302 1792 1330 venatori-

957 1341 1029 1380 bus,
1042 1342 1078 1371 ea
1095 1341 1232 1381 corporis
1246 1348 1346 1379 parte,
1363 1348 1491 1380 propter
1503 1351 1599 1380 quam
1615 1344 1791 1381 expetitur,

957 1385 1112 1414 horrendo
1124 1384 1230 1424 (quod
1241 1385 1284 1413 ait
1299 1384 1436 1422 Plinius)
1449 1393 1554 1414 morsu
1571 1384 1712 1423 abscissa,
1725 1396 1792 1416 sese

958 1428 1121 1457 redimere.
1168 1426 1297 1466 Negant
1310 1428 1385 1456 vero
1397 1427 1550 1457 doctiores
1565 1429 1593 1457 ὅ(
1611 1428 1702 1466 periti
1718 1428 1790 1458 Me·

957 1470 1068 1500 dicinae
1085 1471 1154 1508 viri,
1168 1470 1330 1499 testiculos
1346 1477 1514 1508 amputare
1529 1471 1586 1500 sibi
1605 1472 1766 1501 Castorem
1780 1482 1790 1510 3

958 1513 1045 1552 quod
1059 1514 1128 1543 sine
1140 1513 1211 1542 vitae
1225 1513 1344 1542 damno
1356 1513 1422 1542 fieri
1439 1522 1504 1542 non
1522 1515 1618 1551 possit
1631 1526 1637 1540 :
1661 1514 1714 1543 sed
1729 1513 1788 1544 fol-

956 1554 1070 1586 liculos
1098 1555 1243 1595 geminos
1270 1564 1313 1584 ex
1345 1564 1411 1585 uno
1444 1565 1532 1586 nexu
1559 1556 1791 1595 dependentes,

958 1599 1076 1637 quibus
1105 1599 1182 1629 insit
1207 1598 1255 1627 vis
1284 1597 1411 1628 medica
1444 1598 1483 1628 ad
1520 1599 1625 1636 plures
1654 1600 1791 1628 morbos.

957 1641 1125 1680 Quicquid
1148 1642 1199 1679 sit,
1223 1642 1287 1670 sive
1312 1641 1388 1679 hoc,
1404 1641 1470 1670 sive
1491 1641 1584 1679 illud,
1600 1641 1789 1672 Castoreum

956 1685 1069 1722 passim
1089 1693 1231 1714 vocatur.

1000 1726 1148 1766 Stuppas]
1172 1727 1242 1756 Pars
1256 1726 1325 1764 lini,
1341 1726 1450 1757 cortici
1466 1727 1626 1766 proxima,
1639 1731 1730 1766 stupa
1744 1728 1788 1757 <112

958 1770 1051 1799 citur.

957 1812 1071 1851 Virgil.

998 1855 1113 1894 Stupea
1129 1859 1313 1894 torquentem
1328 1855 1468 1886 Balearis
1483 1856 1604 1886 verbera
1609 1854 1731 1893 fundoe.

999 1898 1173 1936 Habenum]
1198 1899 1298 1928 Arbor
1312 1906 1359 1929 est
1373 1900 1556 1938 spississima
1572 1899 1651 1937 nigri
1667 1900 1789 1937 coloris,

958 1951 1055 1978 quam
1071 1941 1242 1980 AEthiopiae
1260 1943 1371 1972 tribuit
1385 1942 1578 1978 Herodotus,
1604 1941 1699 1970 Indiae
1714 1945 1788 1972 vero

955 1983 1036 2013 Plin.
1049 1985 1102 2014 lib.
1124 1986 1174 2014 12.
1192 1994 1250 2024 cap
1279 1987 1308 2014 4.
1328 1995 1369 2014 ex
1384 1985 1538 2024 Virgilio:
1566 1984 1619 2013 ubi
1636 1986 1664 2014 &
1682 1985 1789 2015 Roma:

956 2033 1160 2067 conspectam
1183 2028 1228 2057 ait
1258 2028 1398 2066 primum
1425 2028 1459 2057 in
1482 2027 1648 2066 triumpho
1675 2027 1788 2067 Magni

957 2069 1103 2108 Pompeii
1120 2070 1349 2100 Mithridatico.

957 2111 1066 2152 Virgil.
1086 2113 1231 2153 Georgic.
1246 2115 1278 2143 2.
1307 2114 1359 2143 Sic
1374 2114 1488 2144 habet:

999 2156 1112 2185 Divi-*ce
1126 2156 1280 2186 arboribus
1290 2156 1402 2195 patrioe
1414 2168 1422 2184 :
1446 2158 1508 2186 sola
1522 2156 1615 2186 India
1632 2155 1753 2195 nigrum

998 2198 1071 2228 Fert
1085 2199 1207 2228 ebenum
1220 2211 1229 2227 .·
1257 2199 1328 2229 solis
1342 2204 1386 2228 est
1403 2199 1508 2228 thurea
1522 2200 1608 2239 virga
1624 2199 1746 2229 Sakaeis.
1792 2220 1795 2222 -

1003 2240 1099 2282 Thus]
1122 2241 1201 2272 Plin.
1218 2243 1269 2272 lib.
1292 2244 1340 2272 12.
1356 2252 1424 2281 cap.
1446 2244 1494 2271 14.
1518 2244 1563 2272 ait
1586 2243 1617 2271 in
1642 2243 1707 2271 sola
1728 2252 1789 2272 nec

956 2285 1103 2314 universa
1133 2285 1266 2322 quidem
1295 2285 1413 2314 Arabia
1444 2286 1581 2324 reperiri,
1608 2285 1661 2314 sed
1691 2285 1725 2314 in
1752 2295 1790 2314 ea

958 2327 1083 2357 tantum
1107 2328 1246 2367 regione,
1273 2329 1326 2357 cui
1355 2337 1475 2358 nomen
1502 2328 1591 2357 Saba.
1638 2327 1789 2367 Virgilius

957 2370 1027 2400 loco
1044 2380 1123 2400 mox
1135 2372 1232 2400 citato
1242 2371 1460 2407 adstipulatur.
1508 2370 1552 2399 Et
1565 2371 1650 2406 alibi,

998 2413 1091 2443 India
1107 2413 1203 2442 mittit
1218 2414 1300 2451 ebur,
1316 2415 1415 2443 molles
1430 2422 1483 2442 sua
1497 2413 1585 2442 thura
1597 2413 1704 2442 Sabaei.

956 2455 1058 2495 Apud
1079 2457 1277 2486 Athcnaeum
1293 2457 1345 2486 lib.
1362 2459 1392 2486 3.
1407 2466 1480 2495 cap.
1496 2457 1547 2485 21.
1594 2458 1687 2494 Syriae
1702 2454 1790 2485 fruc·

957 2502 1008 2528 tus
1024 2506 1180 2530 vocantur
1194 2501 1320 2539 myrrha
1334 2501 1362 2528 ἀ
1376 2500 1461 2528 thus.
1507 2498 1547 2527 Et
1559 2499 1613 2528 lib.
1634 2501 1719 2529 15.c.
1736 2500 1787 2528 10.

956 2540 1048 2572 Thus
1076 2543 1158 2572 inter
1179 2542 1325 2572 secunda:
1344 2551 1460 2572 mensae
1477 2551 1663 2580 apparatum
1681 2550 1788 2571 recen-

957 2590 1053 2614 setur.

1000 2626 1134 2657 Lubrica
1148 2628 1226 2667 Coa]
1251 2628 1335 2658 Vina
1349 2628 1469 2664 mollia,
1486 2628 1581 2667 lenia,
1600 2629 1709 2658 alvum
1729 2627 1788 2657 sol·

957 2671 1084 2708 ventia3
1110 2679 1150 2699 ex
1177 2670 1286 2701 Insula
1303 2672 1362 2708 CO,
1379 2681 1450 2710 quae
1469 2677 1514 2700 est
1530 2672 1561 2701 in
1579 2671 1680 2710 AEgeo
1697 2670 1787 2706 mari,

955 2712 973 2741 ὲ
989 2713 1178 2751 Cycladibus
1196 2723 1272 2751 una,
1287 2714 1491 2753 Hippocratis
1506 2715 1586 2744 clara
1598 2713 1765 2744 natalibus.

957 2754 1070 2784 Horat.
1086 2756 1141 2784 lib.
1155 2757 1183 2784 2.
1201 2758 1263 2786 Sat.
1280 2758 1309 2786 4.

1183 2798 1218 2827 Si
1230 2800 1306 2828 (lura
1320 2800 1486 2829 morabitur
1499 2802 1596 2838 alvus,

999 2840 1146 2879 Mytilus‚
1159 2843 1182 2878 ιδ’
1198 2842 1268 2871 viles
1280 2842 1394 2880 pellent
1410 2843 1561 2872 obstantia
1577 2840 1704 2877 concliae,

999 2883 1046 2912 Et
1061 2882 1178 2921 lapathi
1191 2884 1288 2914 brevis
1300 2885 1401 2916 herba.
1419 2886 1472 2915 sed
1482 2886 1549 2915 albo
1566 2895 1621 2913 non
1637 2883 1701 2912 siae
1717 2879 1790 2910 Coo.

1002 2926 1074 2955 136.
1115 2925 1199 2955 Tolle
1225 2936 1324 2957 recens
1344 2929 1475 2967 primus]
1512 2929 1686 2957 Anteverte
1711 2923 1788 2952 alios

957 2973 1157 3004 mercatores,
1168 2969 1197 2998 δι
1209 2979 1285 3000 cave
1295 2981 1335 3000 ne
1346 2972 1391 3000 illi
1401 2975 1671 3009 praeoccupantes,
1686 2974 1789 3005 quaes-

960 3010 1008 3040 tus
1025 3012 1225 3042 occasionem
1244 3014 1437 3052 praeripiant.

958 3053 1072 3083 Horat.
1088 3053 1141 3083 lib.
1162 3056 1189 3083 1.
1207 3055 1306 3093 Epist.
1325 3056 1353 3085 6.

1035 3105 1039 3108 ”
1188 3097 1270 3129 Cave
1285 3108 1320 3128 ne
1330 3101 1440 3138 portus
1453 3099 1577 3137 occupet
1590 3096 1681 3134 alter,
