1948 3281
629 94 960 141 JUVENALIS

992 97 1206 142 SATIRA
1237 101 1360 146 XIV.
1769 107 1845 147 231

713 295 1034 359 SATIRA
1082 299 1265 360 XIV.

148 439 422 483 PLURIMA
452 448 562 493 sunt,
584 441 774 493 Fuscine‚
799 442 839 484 δι
860 442 969 484 fama
989 442 1110 499 digna
1131 442 1306 496 sinistra,

145 498 200 539 Et
222 498 359 540 nitidis
379 500 580 540 maculam
603 514 648 540 ac
670 513 810 555 rugam
832 499 993 555 figentia
1013 499 1145 550 rebus,

144 555 252 611 Quae
274 565 499 597 monstrant
521 556 595 610 ipsi
617 557 747 610 pueris
771 556 1012 612 traduntque
1034 566 1230 610 parentes.

144 612 189 652 Si
211 612 406 653 damnosa
428 627 564 654 senem
578 612 695 668 juvat
716 612 814 663 alea,
846 612 949 654 ludit
973 613 1011 653 δε
1032 614 1159 654 haeres

140 667 342 719 Bullatus,
375 684 575 725 parvoque
596 669 734 710 eadem
755 678 891 710 movet
912 683 1021 710 arma
1041 669 1193 711 fritillo.

140 725 233 766 Nec
257 726 304 766 de
326 741 366 766 se
388 726 528 767 melius
551 726 744 788 cuiquam
767 739 919 780 sperare
937 725 1165 781 propinquo

143 780 353 823 Concedet
369 782 546 838 juvenis,
577 796 648 837 qui
670 782 801 822 radere
823 782 959 823 tubera
981 792 1108 833 terrae,

138 837 330 880 Boletum
353 839 530 889 condire,
564 838 604 878 ὅτ.
618 838 760 879 eodem
776 838 868 894 jure
888 847 1070 879 natantes

138 895 326 951 Mergere
346 895 533 936 ficedulas
556 894 712 946 didicit,
745 894 946 936 nebulone
968 905 1144 950 parente,

1385 451 1758 483 INTERPRETATIO.

1358 505 1385 535 O
1399 506 1537 544 Fuscine,
1546 506 1641 536 multa
1656 512 1725 535 sunt
1740 509 1761 544 «ᾗ
1775 508 1822 536 lte-

1320 557 1386 577 vam
1409 549 1656 578 existimationem
1670 550 1825 587 merentia,

1321 591 1343 626 ᾷ·
1355 591 1440 620 rebus
1452 592 1568 620 >itandis
1580 592 1672 620 labem.
1682 594 1702 629 ί)-
1716 602 1822 631 rugam

1319 632 1482 671 inurensta,
1509 643 1571 671 (μισ.)
1590 634 1743 673 genitores
1765 634 1825 672 ipsi

1282 673 1304 711 5
1321 675 1425 704 docent
1439 686 1476 704 ιιι·
1502 677 1640 716 ingerunt
1653 676 1741 712 filiis.
1790 677 1824 704 aa·

1315 718 1485 754 perniciosa
1501 718 1566 748 alea
1591 718 1721 747 delectat
1737 723 1823 748 retu·

1319 758 1390 797 Iani,
1407 762 1496 790 etiam
1513 761 1589 790 ludit
1602 759 1693 790 haeres
1709 761 1819 790 bullam

1318 812 1434 839 gerens,
1471 806 1493 841 53
1518 804 1626 832 similia
1650 807 1749 833 versat
1775 804 1820 832 in-

1318 849 1483 875 strumenta
1531 846 1670 875 mediocri
1711 855 1823 885 pyrgo.

1321 886 1424 925 Neque
1438 889 1584 918 meliorem
1610 889 1646 918 de
1670 898 1701 917 se
1716 899 1824 927 expec-

1317 931 1461 960 tationem
1488 931 1542 960 ulli
1574 936 1702 971 cognato
1739 932 1820 960 dabit

136 953 192 993 Et
215 954 315 993 cana
335 960 586 993 monstrante
606 951 715 1007 gula.
762 951 874 993 Cum
890 952 1085 1007 septimus
1103 967 1232 994 annus
1256 953 1305 994 10
1311 982 1399 1009 puer,
1423 974 1474 1011 qm·
1501 974 1605 1002 tubera
1635 973 1715 1003 humi
1739 973 1818 1002 παι.

137 1008 369 1060 Transierit,
401 1023 523 1063 puero
545 1009 729 1050 nondum
753 1008 867 1050 omni
889 1009 1007 1050 dente
1035 1019 1187 1051 renato.

135 1064 330 1106 Barbatos
351 1065 448 1106 licet
468 1065 680 1107 admoveas
702 1065 812 1106 mille
833 1065 926 1107 inde
948 1065 1176 1123 magistrOS‚

134 1122 251 1162 Hinc
275 1123 460 1173 totidem,
492 1121 626 1176 cupiet
648 1122 757 1163 lauto
779 1138 938 1164 coenare
962 1133 1098 1176 paratu

1309 1024 1395 1052 pere,
1421 1016 1540 1055 fungos
1573 1016 1703 1053 condire,
1726 1020 1816 1053 atque

1308 1058 1510 1095 parijasculo
1533 1058 1682 1087 immersas
1693 1058 1820 1096 perfun-

1314 1099 1381 1128 dere
1386 1100 1539 1137 ficedulas
1561 1101 1694 1129 eruditus
1708 1105 1753 1129 est
1768 1110 1823 1129 nu·

1309 1147 1419 1181 gatore
1441 1148 1531 1181 patre
1560 1147 1651 1180 alque
1675 1143 1745 1172 alini
1774 1143 1821 1171 in-

131 1180 236 1219 gluvie
251 1180 383 1210 docente.
425 1180 536 1210 Statim
559 1190 595 1209 ac
612 1180 737 1218 juvenis
760 1190 868 1210 annum
890 1181 1045 1220 septimum
1070 1182 1239 1220 excesserit,
1261 1186 1384 1214 necdum
1407 1186 1519 1214 exortis
1540 1185 1653 1214 cunctis
1676 1185 1822 1222 (lentibus,

135 1222 270 1260 quamvis
283 1222 351 1252 hinc
366 1222 502 1254 millenos
509 1226 706 1263 praeceptores
722 1223 814 1254 barb&
829 1224 962 1264 insignes
977 1224 1129 1264 adhibeas,
1151 1228 1252 1264 totque
1265 1225 1362 1265 illinc,
1382 1237 1531 1267 nunquam
1548 1238 1602 1257 non
1620 1228 1696 1258 volet
1707 1228 1823 1268 grandi

134 1268 284 1304 apparatu
297 1275 426 1304 coenare,

800 1332 1164 1367 ANNOTATIONES.

177 1413 206 1441 1.
241 1410 377 1441 Plurima
391 1413 473 1449 sunt,
489 1408 557 1450 ga]
594 1410 784 1441 Gravissima
810 1416 857 1441 est
884 1412 951 1441 haec

131 1452 245 1491 Satira,
271 1454 303 1483 in
331 1463 395 1492 qua
423 1455 654 1493 redarguuntur
683 1459 827 1492 parentes
857 1463 952 1492 prava

132 1495 200 1524 filiis
228 1497 381 1535 exempla
410 1501 634 1534 monstrantes,
669 1497 785 1535 quibus
825 1497 853 1526 8(
892 1498 953 1535 ipsi

131 1539 219 1575 piavi
244 1538 325 1569 fiunt
349 1545 448 1578 atque
470 1539 559 1568 omni
581 1539 733 1569 vitiorum
756 1548 871 1578 genere
886 1549 953 1569 cor·

131 1582 314 1619 ruptissimi.

172 1623 315 1661 Fuscine]
338 1626 366 1655 Is
383 1625 530 1663 quisnam
545 1624 642 1654 fuerit
657 1625 742 1654 haud
758 1623 840 1653 bene
854 1629 949 1663 patet.

170 1666 201 1694 2.
226 1666 344 1696 Nitidis
362 1669 508 1696 maculam
529 1677 566 1696 ac
580 1676 684 1707 rugam
695 1666 831 1706 figentia
846 1665 950 1708 rebus]

130 1707 191 1737 Res
207 1718 248 1739 ex
263 1719 295 1738 se
309 1710 408 1739 bonas
423 1710 664 1747 corrumpentia.

170 1752 218 1780 Ac
234 1752 355 1792 ragam]
378 1752 516 1784 Quidam
531 1752 654 1790 legunt,
672 1750 826 1781 haesuram.
858 1751 947 1782 Non-

128 1794 209 1823 nulli
229 1795 326 1824 etiam
342 1794 475 1825 Codices
492 1801 563 1833 post
584 1794 724 1832 primum
739 1803 866 1823 versum
891 1795 946 1823 ha-

127 1835 221 1866 bont:

202 1878 247 1908 Ec
261 1880 342 1918 quod
353 1880 498 1919 majorum
512 1879 597 1916 vitio,
611 1879 801 1917 sequiturque
811 1879 946 1909 minores.

124 1920 187 1950 Sed
203 1921 290 1952 hunc
312 1923 502 1953 versiculum
519 1922 605 1951 velut
630 1922 791 1960 ineptum,
815 1929 852 1951 ut
875 1932 945 1952 sen-

124 1964 231 1993 tentia:
250 1966 456 2003 turbatorem,
479 1964 619 2003 denique
634 1965 724 1993 velut
740 1964 941 2003 peregrinum

124 2005 156 2034 in
174 2007 285 2037 urbem
300 2009 504 2046 irrepentem,
526 2007 556 2036 id
572 2012 630 2044 est,
652 2007 669 2035 ὲ
684 2007 778 2036 titulo
794 2007 845 2036 vel
863 2016 943 2036 mar-

122 2048 197 2086 gine
222 2049 255 2079 in
281 2050 412 2080 Satiram
437 2050 537 2089 ipsam
561 2050 599 2078 ab
621 2049 773 2087 imperitis
790 2049 942 2079 insertum

119 2090 191 2125 jure
217 2092 378 2129 proscribit
391 2092 476 2122 Just.
501 2092 626 2130 Lipsius
641 2091 805 2130 Epistolic.
822 2092 940 2123 Quaest.

122 2131 176 2161 lib.
191 2134 223 2162 4.
247 2134 344 2173 Epist.
361 2136 411 2163 15.

164 2175 194 2204 3.
221 2175 411 2214 Traduntque
430 2176 587 2214 parentes]
609 2177 691 2206 Vide
717 2177 874 2207 Plutarch.
899 2178 939 2207 de

122 2216 320 2248 instituendis
332 2219 453 2248 liberis:
478 2218 532 2247 ubi
545 2220 600 2256 ait,
622 2219 696 2248 sane
714 2221 849 2256 juvenes
873 2230 938 2250 esse

119 2261 355 2295 procacissimos
379 2261 442 2290 illic
466 2266 619 2298 oportere,
644 2261 697 2290 ubi
721 2270 810 2290 senes
832 2262 938 2300 impu-

119 2300 229 2332 dentes
243 2311 335 2334 sunt:
361 2305 388 2333 &
405 2303 461 2342 qui
477 2309 641 2340 peccantes
656 2303 713 2340 ipsi
729 2312 839 2340 pueros
851 2306 938 2334 casti·

118 2350 205 2382 gant,
228 2347 277 2376 sui
302 2347 441 2385 ipsorum
463 2352 656 2376 accusatores
677 2344 762 2382 fieri3
787 2345 852 2374 imo
866 2356 939 2384 pec·

119 2387 209 2416 candi
223 2398 288 2418 esse
302 2389 375 2427 ipss
386 2394 527 2419 auctores
541 2389 569 2417 &
583 2388 752 2426 magistros.
782 2387 822 2416 Et
834 2386 935 2420 Quin.

117 2428 164 2458 til.
192 2430 244 2460 lib.
265 2434 292 2460 1.
315 2440 385 2470 cap.
401 2431 433 2460 2.
484 2430 615 2467 Utinam,
638 2429 755 2468 inquit,
779 2429 934 2461 liberorum

115 2475 281 2503 nostrorum
306 2483 401 2503 mores
427 2484 484 2503 nori
510 2473 567 2511 ipsi
585 2473 783 2510 perderemus.
827 2471 935 2508 Infan-

117 2513 190 2542 tiam
205 2516 308 2545 statim
323 2516 437 2546 deliciis
461 2515 609 2545 solvimus.
654 2513 763 2543 Mollis
785 2513 837 2542 illa
862 2515 932 2544 edu-

115 2555 195 2583 catio
210 2567 295 2594 quam
309 2558 528 2598 indulgentiam
543 2566 690 2593 vocamus,
711 2566 813 2584 nervos
835 2566 932 2587 omnes

117 2598 140 2633 ἐς
155 2600 260 2628 mentis
283 2603 305 2638 ἐς
330 2600 601 2639 corporisfrangit.
650 2598 730 2630 Quid
741 2608 799 2627 non
813 2599 932 2629 adultus

117 2642 312 2680 concupiscet,
334 2643 385 2681 qui
400 2642 430 2671 in
447 2642 589 2681 purpuris
601 2641 678 2678 repit
689 2640 704 2668 ?

226 2707 231 2712 .
275 2686 355 2714 Ante
364 2685 506 2722 palatum
519 2693 617 2713 eoram
633 2683 720 2720 quam
741 2692 833 2712 mores
847 2683 934 2713 insti-

116 2724 225 2753 tuimus
282 2748 288 2754 .
329 2748 337 2756 .
385 2749 392 2754 .
435 2749 443 2757 .
492 2750 498 2755 .
545 2750 550 2756 .
715 2724 884 2754 Gaudemus
909 2727 936 2755 si

116 2768 190 2804 quid
211 2768 348 2797 licentias
359 2769 490 2799 dixerint
533 2788 815 2798 ......
861 2768 933 2796 Dis-

115 2814 188 2838 cunc
229 2808 289 2838 Izaec
316 2811 414 2840 miseri
447 2815 608 2849 antequam
638 2809 736 2838 sciant
767 2809 827 2839 lzaec
855 2810 931 2839 vitia

115 2860 188 2889 esse,
213 2853 270 2881 ἃς.

156 2895 185 2921 4.
210 2894 314 2923 Haeres
327 2893 485 2935 Ballatus]
500 2897 582 2926 Puer
594 2895 715 2924 nobilis.
758 2894 842 2924 Vide
858 2904 929 2934 quae

114 2937 263 2965 annotavi
277 2937 315 2965 ad
331 2937 410 2966 Pers.
428 2940 491 2968 Sat.
504 2941 534 2968 5.
559 2947 622 2967 ver.
639 2939 690 2966 Sl.

158 2980 187 3005 5.
210 2978 326 3016 Parvo]
348 2978 457 3018 AEtati,
474 2982 502 3010 ἀ
519 2990 619 3020 parvae
633 2989 694 3009 suae
711 2979 823 3009 manui
836 2985 921 3018 apto.

155 3020 261 3057 Arma]
284 3020 437 3059 Tesseras,
461 3023 549 3060 talos,
571 3022 743 3052 alveolum.

155 3061 286 3100 fritillo]
309 3063 420 3103 Pyrgo,
436 3065 595 3105 turricula,
615 3063 733 3105 pyxide
746 3063 858 3094 cornea
871 3063 929 3094 ob-

995 1411 1101 1450 longa,
1124 1412 1141 1441 ὲ
1161 1421 1226 1451 qua
1250 1412 1304 1442 tali
1326 1413 1509 1443 mittuntur.
1554 1412 1641 1443 Vide
1653 1413 1734 1442 Pers.
1750 1413 1816 1442 Sat.

996 1454 1025 1482 3.
1042 1464 1104 1483 ver.
1125 1455 1176 1484 50.
1189 1456 1314 1485 Annot.

1037 1498 1066 1527 7.
1090 1496 1210 1527 Radere
1231 1498 1348 1536 tubera]
1374 1500 1571 1539 Expurgaoe,
1597 1499 1624 1527 &
1650 1499 1683 1528 in
1709 1498 1816 1527 cibum

994 1548 1113 1578 parare,
1153 1542 1182 1570 δι
1206 1540 1341 1570 condire.
1385 1542 1470 1571 Vide
1493 1543 1618 1573 Annot.
1645 1543 1682 1570 ad
1700 1541 1765 1570 Sat.
1783 1542 1811 1569 5.

996 1591 1059 1611 ver.
1082 1583 1154 1613 116.

1038 1625 1068 1653 8.
1090 1623 1246 1665 Boletum]
1272 1627 1356 1657 Vide
1371 1628 1422 1657 cit.
1440 1628 1504 1657 Sat.
1521 1629 1550 1656 5.
1568 1636 1632 1656 ver.
1652 1628 1722 1656 147.

1036 1666 1151 1697 Eodem
1158 1669 1249 1710 jure]
1272 1671 1394 1700 Eodem
1410 1670 1629 1707 condimento,
1646 1678 1712 1708 quo
1727 1668 1813 1697 bole-

993 1713 1064 1739 tum
1081 1711 1109 1739 &
1128 1712 1248 1743 tubera.

1033 1753 1064 1782 9.
1080 1753 1254 1793 Ficedulas]
1276 1756 1426 1785 Aviculas
1439 1755 1517 1784 boni
1531 1754 1628 1790 succi,
1642 1754 1680 1782 de
1697 1753 1812 1792 quibus

992 1794 1114 1825 Athen.
1140 1796 1244 1827 lib.2.
1267 1807 1335 1836 cap.
1362 1799 1413 1827 24.
1438 1798 1466 1826 &
1492 1797 1570 1826 Plin.
1597 1797 1648 1825 lib.
1672 1798 1720 1825 10.
1743 1805 1811 1833 cap.

987 1836 1040 1866 29.
1088 1837 1224 1868 Nullum
1249 1849 1352 1877 avem,
1376 1845 1485 1878 praeter
1500 1839 1679 1872 ficedulam,
1703 1845 1807 1868 totum

989 1888 1127 1909 comesse
1144 1886 1299 1920 oportere,
1323 1892 1365 1911 ex
1388 1882 1504 1920 placito
1521 1883 1546 1910 <Sc
1567 1882 1670 1919 palato
1688 1881 1808 1909 luxuri-

988 1930 1128 1959 osorum,
1142 1922 1277 1953 affirmat
1301 1925 1353 1954 lib.
1376 1926 1424 1952 15.
1448 1934 1516 1962 cap.
1531 1924 1559 1953 8.
1604 1924 1644 1952 Α.
1669 1922 1800 1951 Gellius.

989 1962 1084 1993 Dicta
1106 1964 1254 2004 ficedula,
1277 1968 1316 1996 ab
1341 1966 1461 1995 edenda
1482 1966 1558 2003 ficu,
1580 1974 1636 1994 seu
1661 1963 1746 2002 quod
1769 1964 1806 1992 cst

987 2007 1157 2044 saginetur.

986 2047 1127 2079 Martial.
1144 2051 1197 2080 lib.
1219 2053 1268 2080 13.
1284 2051 1444 2092 Epigram.
1460 2052 1511 2082 49.

1068 2091 1144 2121 Cam
1159 2093 1287 2129 meficus
1299 2096 1376 2132 alat,
1388 2095 1452 2124 cam
1462 2103 1572 2132 pascar
1584 2092 1718 2122 dulcibus
1730 2092 1806 2130 usis,

1070 2133 1133 2163 Cur
1143 2136 1248 2173 potitis
1262 2146 1366 2166 nomen
1389 2147 1446 2166 ⁷1on
1463 2136 1544 2165 dedit
1561 2145 1617 2165 ura
1632 2134 1703 2164 mila·
1715 2136 1730 2163 3²

1023 2174 1195 2218 Nebulone]
1218 2178 1352 2217 Guloso,
1365 2180 1506 2216 lurcone,
1522 2179 1697 2208 luxurioso.

1027 2220 1075 2248 10.
1102 2219 1187 2249 Cand.
1199 2226 1383 2251 monstrante
1395 2221 1488 2261 galil]
1513 2221 1627 2249 Vetulo
1643 2221 1723 2258 gula:
1742 2220 1802 2257 pri-

981 2260 1054 2290 dem
1071 2262 1205 2300 addicto,
1229 2273 1288 2292 nee
1313 2266 1390 2294 albis
1412 2264 1483 2293 licet
1509 2263 1538 2291 &
1563 2262 1799 2292 canescentibus

980 2303 1101 2340 capillis
1117 2306 1174 2334 sibi
1189 2313 1395 2344 temperante.

1026 2347 1074 2375 11.
1097 2346 1198 2377 Dente
1214 2348 1330 2386 renato]
1355 2348 1495 2378 Macrob.
1520 2348 1572 2377 lib.
1593 2348 1618 2375 1.
1636 2347 1667 2375 in
1685 2346 1794 2374 Somn.

980 2387 1057 2426 Scip.
1082 2398 1149 2427 cap.
1167 2390 1196 2419 6.
1219 2391 1274 2427 aii,
1297 2390 1371 2419 Post
1387 2395 1495 2428 septem
1520 2399 1629 2418 menses
1642 2388 1798 2416 mandibu-

978 2428 1017 2458 lis
1036 2430 1137 2460 dentes
1161 2442 1308 2471 emergere
1332 2433 1511 2470 infantibw,
1530 2434 1598 2469 post
1624 2439 1717 2458 annos
1732 2439 1797 2467 sep-

978 2475 1036 2501 tem
1052 2474 1102 2511 qui
1113 2475 1207 2511 primi
1221 2476 1322 2503 dentes
1336 2477 1524 2511 emerserant,
1547 2472 1617 2501 aliis
1631 2472 1797 2510 aptioribus

975 2515 1018 2543 ad
1042 2516 1137 2544 cibum
1163 2516 1288 2545 solidum
1316 2517 1504 2546 nascentibus
1525 2515 1637 2544 cedere.
1695 2515 1744 2543 Sic
1768 2516 1794 2542 Sc

977 2556 1057 2586 Plin.
1080 2557 1134 2587 lib.
1152 2561 1180 2588 7.
1199 2568 1265 2596 cap.
1285 2560 1321 2587 16
1357 2559 1462 2587 Editis
1477 2555 1796 2595 infantibusprimores

975 2598 1077 2628 dentes
1090 2601 1215 2638 septimo
1227 2601 1318 2639 gigni
1340 2611 1436 2630 mense
1449 2611 1458 2627 :
1483 2602 1595 2629 eosdem
1609 2607 1688 2627 anno
1703 2598 1794 2636 septi-

923 2665 931 2672 ,
975 2650 1020 2669 mo
1035 2642 1178 2679 decidere,
1190 2644 1320 2680 aliosque
1332 2643 1437 2680 suffi'ci.

1022 2685 1069 2713 12.
1092 2684 1254 2722 Barbatos]
1278 2686 1454 2723 Sapientes,
1471 2682 1688 2724 Philosophos.
1711 2683 1792 2712 vide

976 2725 1100 2756 Annot.
1115 2726 1153 2756 ad
1166 2727 1243 2756 Pers.
1261 2728 1326 2755 Sat.
1341 2729 1370 2757 4.
1389 2737 1451 2756 ver.
1468 2730 1493 2756 1.

1024 2768 1070 2796 18.
1096 2767 1203 2806 Capiet
1216 2768 1298 2796 lauto
1311 2778 1427 2798 co‘nare
1438 2774 1561 2807 paratu,
1574 2768 1641 2806 θα]
1663 2769 1754 2797 Sicut
1776 2768 1793 2796 a

978 2811 1090 2839 teneris
1106 2811 1254 2847 assuevit,
1278 2811 1319 2838 ita
1343 2812 1485 2849 grandior
1499 2813 1582 2841 laute
1598 2811 1680 2840 vesci
1696 2809 1793 2846 volet,

974 2861 1078 2890 neque
1107 2852 1317 2890 frugalitatem
1343 2853 1443 2883 doceri
1473 2855 1595 2892 poterit.
1640 2852 1726 2881 Tull.
1753 2851 1793 2879 de

975 2893 1100 2923 Invent.
1131 2893 1221 2922 Vetus
1249 2897 1426 2925 consuetudo
1453 2901 1567 2925 naturae
1591 2893 1647 2923 vim
1663 2893 1790 2922 obtinet.

975 2935 1017 2964 Et
1041 2936 1080 2965 de
1104 2935 1206 2965 Finib.
1229 2938 1314 2975 quasi
1340 2937 1436 2967 altera
1467 2942 1575 2967 natura
1596 2939 1651 2972 est,
1675 2935 1791 2972 inquit.

974 2978 1056 3006 Hinc
1072 2982 1224 3007 venatores
1238 2979 1267 3007 in
1293 2979 1360 3008 nire
1379 2984 1571 3017 pernoctant,
1594 2977 1626 3005 in
1647 2978 1794 3007 montibus

974 3020 1022 3048 uri
1042 3029 1074 3048 se
1093 3020 1278 3059 pectinatum
1311 3028 1346 3052 ut
1367 3024 1410 3053 ait
1425 3023 1508 3052 idem
1525 3021 1637 3051 Cicero
1649 3018 1747 3049 Tusc.
1760 3020 1792 3048 2.

976 3071 1007 3092 n.
1028 3063 1077 3092 40.
