1948 3281
726 86 914 130 PERSH
954 85 1166 129 SATIRA
1206 86 1267 128 ΙΙ.

611 172 913 228 ProhJupiter!
950 172 1296 225 Obone,clamet‚
1340 175 1411 206 '¹⁹³³
1438 176 1470 206 id
1496 176 1604 215 ipsum
1632 176 1754 217 loquere
1778 181 1864 219 “pud

127 176 214 220 Dic
228 175 404 233 agedum
418 171 549 217 Staio,

128 233 289 289 Jupiter
308 233 316 274 !
350 233 409 274 At
431 246 516 273 sese
540 245 623 272 non
649 231 796 272 clamet
817 231 979 286 Jupiter
1001 232 1115 286 ipse?

131 291 346 348 Ignovisse
369 299 502 342 putas,
535 288 631 345 quia
652 290 752 329 cuin
781 299 910 339 tonat,
943 290 1073 344 ocyus
1097 289 1174 330 ilex

1781 89 1863 139 287

1337 218 1467 249 Staium.
1517 220 1544 248 Is
1570 223 1654 250 certe-
1672 222 1860 254 exclamaret

1341 264 1462 300 statim,
1474 261 1639 300 OJupiter
1650 264 1662 292 .'
1687 266 1717 293 0
1732 266 1862 306 benigne

1273 290 1325 329 2·l
1341 305 1491 344 Jupiter!
1515 305 1612 343 Atqui
1624 315 1665 336 an
1680 317 1710 336 se
1728 307 1791 346 ipse
1804 308 1864 339 Ju-

130 348 338 404 Sulphure
355 347 573 388 discutitur
589 361 719 397 suem,
738 348 865 402 quam
885 357 1011 402 tuque
1030 347 1263 402 domusque
1283 347 1294 387 ?
1340 349 1422 387 viler
1460 358 1517 377 ’ἢθη
1554 348 1761 380 inclamabis?
1805 352 1862 383 An

130 405 203 447 An
227 406 323 462 quia
342 421 426 446 non
451 405 560 446 fibris
583 403 739 455 ovium,
766 405 1039 460 Ergennaque
1059 404 1250 460 jubente,

131 462 266 504 Triste
280 462 394 518 jaces
416 463 537 513 lucis,
561 461 882 517 evitandumque
904 462 1100 513 bidental,

134 520 298 562 Idcirco
321 520 511 562 stolidam
536 519 688 574 praebet
711 518 782 560 tibi
808 518 949 560 vellere
973 518 1140 560 barbam

131 577 322 632 Jupiter?
360 579 447 619 Aut
464 577 662 634 quidnam
681 586 755 627 est,
780 579 863 632 qua
880 586 922 618 tu
942 577 1128 618 mercede
1144 577 1330 619 Deorum

1342 392 1441 421 credis
1465 392 1586 422 Jovem
1614 393 1733 422 veniam
1760 394 1865 424 indul-

1342 435 1428 471 sisse,
1461 435 1603 473 quoniam
1642 437 1764 472 quando
1789 436 1865 473 sul-

1345 478 1456 515 minat‚
1480 478 1541 506 ilex
1561 477 1667 515 potius
1690 480 1866 510 concutitur

1344 524 1450 550 sancto
1475 519 1633 558 sulphure,
1656 523 1748 559 quam
1773 527 1817 560 tu,
1840 526 1865 561 ᾂ-

1345 565 1421 593 oedes
1450 562 1533 592 tuae?
1570 563 1616 592 Et
1643 564 1776 605 quonian
1804 576 1864 598 non

1342 611 1517 646 prostratus
1536 616 1564 636 es
1594 607 1628 636 iu
1652 605 1752 645 silvis,
1775 618 1865 638 moes·

133 636 293 677 Emeris
316 635 546 676 auriculas?
586 634 802 683 Pulmone,
828 634 868 675 δι
889 633 1062 676 lactibus
1081 634 1216 676 unctis
1237 635 1251 675 ?
1277 634 1408 679 30cum
1431 651 1454 688 ες
1478 660 1536 679 non
1552 649 1742 690 tangendum
1759 650 1866 682 bulen.

133 694 244 735 Ecce
267 694 355 735 avia
374 703 443 734 aut
465 701 652 733 metuens
676 691 835 733 Divum
860 701 1088 741 matertera,
1121 691 1240 733 cunis

134 751 301 793 Exemit
323 765 510 806 puerum,
543 749 805 804 frontemque
827 759 951 804 atque
974 749 1052 791 uda
1074 748 1219 791 labella

135 808 287 850 Infami
310 808 456 863 digito,
496 807 536 848 ὅτ.
557 805 790 847 lustralibus
811 808 907 847 ante
931 807 1064 848 salivis

1346 695 1404 731 tal,
1426 693 1609 731 erpiandum
1625 692 1705 722 extis
1728 694 1866 724 ovicula-

1346 746 1424 774 rum,
1448 737 1471 774 ἐξ·
1487 735 1639 777 Ergennti
1656 736 1866 777 praecipienle,

1345 789 1387 808 an
1413 779 1481 809 ideo
1504 779 1629 817 Jupiter
1642 778 1772 815 fatuam
1798 779 1867 810 bar-

1346 822 1414 852 bam
1449 822 1584 862 porrigit
1625 822 1682 851 tibi
1718 823 1865 853 vellican-

133 868 204 896 dam
218 867 232 896 ?
262 867 306 896 Αη
325 867 398 896 vero
415 869 460 895 est
473 865 603 904 aliquid,
627 875 683 903 quo
700 869 732 894 lu
754 865 856 904 pretio
880 869 1029 896 mercatus
1043 866 1086 895 sis
1100 874 1189 896 aures
1207 864 1340 895 Deorum
1353 865 1367 894 .²
1402 866 1457 896 An
1478 867 1634 904 pulmone,
1658 867 1682 902 ξς
1694 866 1865 907 pinguibus

134 909 286 939 intestinis
299 909 313 939 ,⁷
339 908 480 939 Aliunde
495 918 532 938 en
546 909 616 938 aria
632 907 680 937 vel
696 908 801 937 matris
816 918 899 937 soror
916 907 998 939 Deos
1015 910 1134 945 timens,
1156 909 1308 947 infantem
1331 908 1414 939 tollit
1431 918 1473 938 ex
1497 907 1703 948 incunabulis,
1727 911 1864 949 ejusque

123 952 264 991 frontem
279 955 301 992 ξς
316 952 399 982 labia
413 951 537 982 humida
551 954 643 982 animi
659 950 773 981 lusffrat
789 951 871 991 turpi
886 952 1000 993 digito,
1023 954 1046 991 ᾀ
1061 951 1167 983 salit-is

136 1129 368 1168 corruptiorem
393 1127 528 1158 homine
551 1126 696 1166 quolibet
713 1126 949 1166 improbissimo
965 1138 972 1156 t

137 1171 225 1210 quod
251 1173 311 1202 nisi
333 1173 478 1209 sentires,
501 1177 566 1200 tam
579 1171 729 1201 scelerata
746 1178 821 1202 vota
836 1171 911 1202 Jovi
933 1171 977 1201 fa-

136 1223 208 1244 cere
231 1214 306 1245 sane
322 1216 529 1245 erubesceres.

178 1257 266 1287 Jovis
295 1268 398 1288 aurem
426 1255 596 1296 impellere]
631 1256 751 1288 Jovern
776 1257 816 1287 ad
846 1257 977 1287 libitum

137 1299 267 1331 flectere
285 1303 313 1331 Sc
337 1310 480 1331 exorare.

179 1344 231 1374 23.
250 1344 295 1373 A!
310 1354 372 1375 sese
387 1354 447 1374 non
463 1342 587 1380 clamet,
602 1342 670 1381 lira]
696 1344 748 1373 An
759 1343 890 1383 Jupiter
908 1353 976 1373 non

136 1386 240 1425 seipse
253 1387 292 1417 ad
307 1387 486 1417 vindictam
501 1385 676 1416 excitabit?
699 1387 776 1417 Non
792 1387 976 1426 indignatus

134 1428 264 1460 fulmen
280 1429 431 1470 arripiet?

179 1473 232 1502 24.
256 1473 415 1513 Ignovisse
425 1477 534 1512 putas,
550 1473 618 1512 ξω]
644 1473 725 1503 Haec
742 1473 931 1513 simpliciter
946 1474 975 1503 δε

139 1517 305 1554 narrative,
328 1527 396 1548 non
419 1517 641 1557 interrogative
667 1517 802 1556 legenda
829 1517 898 1546 vult
914 1517 976 1547 Ca-

137 1559 314 1595 saubonus,
350 1565 387 1590 ut
416 1559 506 1599 vulgi
536 1570 674 1590 errorem
703 1560 815 1589 referat
840 1559 974 1598 Persius,

136 1610 237 1640 quem
255 1612 332 1632 mox
348 1603 497 1633 confutat
511 1603 662 1640 dicendo,
679 1604 729 1632 An
742 1603 826 1642 quia,
840 1604 899 1633 δίε.

181 1645 235 1676 25.
259 1645 423 1686 Sulphure]
459 1645 493 1675 Id
519 1652 579 1684 est,
613 1647 765 1683 fulmine,
797 1647 884 1685 quod
911 1647 975 1676 sul-

135 1687 301 1726 phureum
338 1688 470 1719 odorem
509 1689 650 1720 exhalat.
698 1688 782 1719 Plin.
821 1689 877 1719 lib.
921 1691 974 1720 35.

135 1741 207 1770 cap.
225 1733 277 1762 15.

180 1775 233 1805 26.
269 1777 316 1806 An
332 1775 405 1816 quia
420 1785 479 1805 non
495 1775 600 1813 fibris,
629 1775 695 1815 ξα]
735 1775 788 1805 An
805 1775 894 1814 quod
908 1786 975 1806 non

135 1827 169 1848 es
182 1817 322 1848 fulmine
347 1820 439 1856 ictus,
464 1819 605 1849 necdum
628 1820 714 1857 jaces
737 1820 772 1848 in
794 1819 891 1857 silvis,
908 1829 975 1849 non

135 1861 370 1902 contingendus
395 1862 464 1891 sine
494 1862 634 1901 piaculo,
658 1866 845 1902 expectans,
869 1864 976 1901 sepul-

137 1910 242 1935 tnram
266 1905 386 1935 ibidem
402 1915 445 1935 ex
462 1905 613 1936 mandato
631 1904 786 1945 Ergennae
811 1906 974 1944 aruspicis,

137 1948 195 1987 qui
212 1948 396 1979 bidentibus
410 1949 497 1978 caesis
509 1949 617 1978 locum
631 1949 778 1987 expiabit
793 1959 801 1986 3
823 1958 864 1977 an
881 1959 975 1987 prop-

135 1992 221 2020 terea
238 1991 324 2030 quod
342 1992 515 2032 hucusque
532 1991 590 2020 tibi
608 1993 748 2030 pepercit
762 1992 903 2029 Jupiter,
927 1993 973 2021 id-

137 2034 222 2063 circo
258 2041 351 2074 putas
384 2045 451 2065 non
482 2035 698 2065 metuendam
738 2034 876 2073 amplius
904 2036 975 2072 ejus

138 2077 325 2115 vindictam,
350 2078 416 2108 imo
439 2078 535 2109 licere
561 2078 619 2108 tibi
643 2078 778 2118 impune
794 2077 869 2108 Jovi
884 2078 973 2108 dein-

135 2128 210 2158 ceps
223 2120 356 2151 illudere
368 2120 377 2149 ?

178 2162 299 2202 Fibris]
323 2163 427 2194 Extis.
442 2165 506 2195 Sat.
525 2166 553 2194 1.

178 2205 386 2246 Ergennaque
392 2206 541 2249 jubente]
552 2208 719 2248 Ergennas
734 2207 888 2239 Etruscus
900 2219 971 2239 aru-

134 2258 229 2288 spex,
243 2249 423 2280 fulminum
440 2257 625 2289 procurator
642 2253 669 2281 ὅ(
686 2252 854 2290 expiator3
878 2254 972 2291 cujus

133 2301 179 2321 ex
209 2300 369 2332 praecepto
400 2294 512 2324 omnia
538 2293 668 2325 fiebant.
714 2294 795 2324 Vide
820 2295 974 2327 Juvenal.

134 2335 202 2366 Sat.
223 2337 273 2366 18.
289 2346 353 2365 ver.
371 2336 422 2365 62².
441 2337 567 2367 Annot.

177 2380 231 2409 27.
254 2378 502 2418 Evitandumque
519 2380 670 2420 bidental]
693 2379 856 2419 Bidental,
884 2381 974 2413 locus

133 2428 182 2452 est
206 2422 346 2453 fulmine
369 2423 463 2453 ictus.
509 2421 640 2453 Nomen
665 2425 682 2453 a
704 2424 888 2454 bidentibus
908 2427 974 2455 ovi-

133 2464 206 2502 bus,
220 2465 260 2495 de
272 2466 390 2505 quibus
404 2466 476 2497 vide
489 2465 574 2496 Geli.
588 2467 644 2497 lib.
660 2467 712 2498 16.
726 2477 797 2506 cap.
811 2467 842 2497 6.
890 2468 974 2499 Cum

135 2509 224 2539 enim
254 2508 382 2539 fulmen
407 2509 576 2547 ceciderat,
597 2510 729 2541 aderant
755 2511 840 2540 illico
865 2510 975 2550 fulgu-

135 2561 208 2582 rum
232 2558 462 2590 procuratoreS,
495 2552 604 2584 locum
627 2554 770 2583 claustris
795 2554 975 2594 sepiebant,

134 2595 253 2634 araque
279 2596 457 2634 exstructA,
483 2598 512 2626 &
537 2597 623 2626 caesis
648 2597 784 2626 oviculis
810 2606 976 2627 consecra-

133 2636 232 2667 bant:
258 2638 345 2668 unde
359 2639 480 2669 calcare
496 2639 588 2669 illum
604 2639 706 2669 nefas.
752 2639 848 2669 Porro
872 2641 974 2671 biden-

135 2681 185 2708 tal
198 2682 330 2719 ponitur
345 2691 402 2721 pro
417 2683 551 2713 homine
566 2682 736 2722 fulgurito‚
752 2682 836 2712 sicut
851 2693 974 2714 carcere

132 2723 221 2761 apud
248 2723 414 2755 Lucilium
446 2735 503 2764 pro
531 2726 666 2755 homine
701 2735 823 2756 carce-re
860 2727 969 2767 digno.

134 2765 383 2797 Observandum
398 2778 441 2798 ex
457 2769 528 2808 lege
541 2768 672 2806 Numae,
695 2778 760 2798 non
776 2769 871 2799 licere
883 2771 894 2807 j
904 2777 973 2801 usta

133 2807 314 2847 persolvere
339 2810 464 2841 homini
490 2811 686 2849 fulminato;
711 2809 898 2851 ibidemque
925 2823 971 2843 se-

134 2852 227 2889 peliri
242 2858 379 2883 cautum
404 2853 503 2885 fuisse
531 2864 598 2884 non
623 2860 826 2892 crematum3
850 2865 910 2885 nec
927 2856 972 2886 fas

132 2893 229 2925 fuisse
253 2904 330 2924 eum
354 2895 388 2925 in
411 2906 518 2936 genua
534 2897 658 2934 tollere,
683 2898 712 2927 &
729 2896 862 2935 efferre3
888 2899 974 2928 unde

132 2935 218 2967 bene
244 2937 366 2968 Persius
392 2946 466 2978 post
490 2940 665 2970 Horatium
694 2942 726 2970 in
752 2941 843 2978 Arte,
867 2940 972 2980 dixit3

135 2979 224 3009 triste
237 2980 376 3019 &jan-es,
411 2982 599 3022 Aliquando
619 2984 717 3013 etiam
741 2984 824 3013 intra
846 2991 977 3022 septum

133 3031 230 3061 super
262 3029 377 3054 terram
415 3025 683 3065 relinquebantur
712 3027 770 3066 qui
810 3026 975 3057 fulminati

133 3071 247 3104 emnt5
272 3067 573 3110 amiciebanturque
601 3077 687 3101 veste
713 3069 862 3107 candida,
885 3071 975 3101 velut

1023 1128 1039 1157 a
1067 1128 1152 1159 Jove
1178 1127 1338 1165 honorati,
1362 1134 1400 1159 ut
1424 1127 1544 1159 mortui
1571 1128 1615 1161 illi
1644 1138 1712 1160 non
1741 1134 1864 1168 putres·

1022 1177 1133 1201 centes
1170 1172 1357 1211 spectaculo
1395 1171 1510 1202 forent.
1555 1172 1682 1210 Festus,
1720 1173 1862 1211 Servius,

1022 1214 1246 1245 Artemidorus
1276 1216 1330 1245 lib.
1360 1216 1390 1244 2.
1432 1225 1502 1253 cap.
1533 1216 1562 1244 8.
1608 1215 1692 1245 Vide
1717 1216 1746 1245 ὅ(
1778 1216 1864 1246 Plin.

1022 1257 1078 1287 lib.
1095 1259 1126 1288 2.
1156 1267 1225 1297 cap.
1246 1260 1296 1288 54.
1322 1258 1484 1288 Plutarch.
1499 1259 1534 1289 in
1549 1258 1674 1292 Quaest.
1691 1259 1864 1289 Convival.

1023 1301 1076 1331 lib.
1094 1303 1123 1330 4.
1139 1311 1209 1339 cap.
1224 1303 1257 1331 2.

1064 1344 1117 1374 28.
1141 1344 1290 1375 stolidam
1302 1344 1431 1383 proebet,
1448 1344 1514 1383 [SC]
1539 1345 1642 1374 Velut
1659 1345 1746 1375 fatuo
1759 1346 1788 1375 ἅτ
1800 1351 1863 1375 sto-

1020 1387 1093 1417 lido.
1143 1388 1228 1417 Nam
1244 1388 1375 1418 barbam
1392 1388 1541 1417 vellicare
1555 1388 1652 1418 alicui
1666 1398 1760 1427 grave
1775 1389 1860 1419 ludi·

1020 1430 1141 1461 brium.
1168 1432 1232 1461 Sat.
1252 1434 1280 1460 1.

1021 1472 1064 1503 Et
1078 1474 1192 1503 Horat.
1208 1474 1266 1503 lib.
1280 1475 1308 1503 1.
1325 1475 1425 1503 Serm.
1441 1474 1508 1504 Sat.
1523 1475 1558 1503 ὃς

1113 1516 1234 1546 l'ellunt
1252 1517 1310 1546 tibi
1325 1517 1449 1547 barbam
1466 1517 1573 1547 lascivi
1578 1518 1681 1556 pueri.

1066 1558 1186 1590 Vellere
1200 1560 1339 1598 barbam]
1364 1560 1495 1590 Allusio
1508 1561 1547 1590 ad
1571 1561 1693 1591 factum
1712 1560 1862 1602 Dionysii

1019 1604 1208 1643 Syracusani
1239 1604 1296 1643 qui
1318 1602 1475 1641 Epidauri
1510 1604 1638 1634 barbam
1673 1603 1861 1644 AEseulapio

1018 1656 1148 1677 auream
1176 1646 1309 1684 ademit,
1343 1645 1519 1676 ludibrium
1546 1647 1678 1685 addens,
1710 1657 1776 1678 non
1806 1649 1862 1678 de·

1019 1699 1091 1720 cere
1115 1697 1240 1729 patrem
1267 1699 1334 1719 esse
1359 1689 1551 1727 imberbem,
1588 1691 1708 1729 nempe
1734 1691 1862 1730 Apolli-

1020 1742 1109 1769 nem,
1132 1733 1236 1763 filium
1260 1733 1334 1762 vero
1355 1732 1475 1762 scilicet
1491 1731 1730 1773 AEsculapium,
1752 1734 1862 1765 barba·
1910 1735 1913 1739 ’

1020 1782 1092 1805 tum
1110 1786 1188 1806 esse.

1064 1820 1115 1850 29.
1141 1821 1207 1849 Aut
1220 1820 1365 1858 quidnam
1378 1823 1435 1857 est,
1449 1818 1517 1857 ξω]
1539 1819 1577 1849 Id
1595 1825 1653 1857 est,
1676 1824 1734 1849 aut
1748 1830 1862 1852 verum

1021 1870 1069 1891 est
1083 1864 1172 1901 quod
1187 1863 1271 1900 dico,
1294 1870 1351 1892 aut
1374 1862 1498 1901 aliquid
1523 1870 1570 1893 est
1586 1873 1653 1902 quo
1669 1869 1705 1893 tu
1721 1863 1862 1894 addictos

1019 1905 1077 1935 tibi
1091 1906 1177 1936 Deos
1194 1905 1344 1945 spondes.

1062 1950 1115 1979 50.
1139 1950 1260 1979 Emeris
1287 1947 1456 1986 auriculas]
1480 1948 1597 1978 Prona:
1624 1951 1653 1978 δι
1683 1949 1790 1979 faciles
1821 1950 1862 1980 ad

1018 1993 1212 2031 arbritrium,
1235 1992 1383 2022 mercede
1408 1990 1514 2030 pacta,
1541 1992 1569 2022 &
1598 1993 1690 2023 velut
1716 2002 1758 2022 ex
1784 2003 1861 2024 con-

1020 2043 1118 2065 vento
1135 2037 1191 2066 tibi
1204 2036 1375 2066 addixeris.

1062 2078 1225 2118 Pulmone]
1249 2079 1456 2118 Metonymia
1470 2089 1529 2118 pro
1544 2078 1742 2117 quibuslibet
1764 2080 1862 2118 parti·

1020 2122 1079 2151 bus
1096 2123 1254 2152 intestinis
1270 2123 1471 2152 lautioribus.

1060 2164 1223 2203 Laclibus]
1248 2164 1361 2194 Lactes
1386 2165 1539 2194 dicuntur
1566 2171 1668 2203 partes
1698 2165 1860 2196 intestina.-

1018 2209 1207 2248 graciliores,
1221 2209 1313 2248 quasi
1330 2208 1412 2238 lacte
1425 2208 1624 2239 candidiores
1643 2210 1671 2238 δι’
1687 2209 1860 2240 molliores.

1064 2250 1186 2291 Unctis]
1211 2251 1248 2281 ln
1263 2259 1322 2289 est,
1333 2252 1430 2282 lautis
1445 2253 1474 2281 ἅ·
1492 2252 1678 2291 pinguibus.
1723 2251 1839 2282 Horat.
1858 2265 1867 2268 -

1108 2296 1149 2326 Ut
1166 2295 1252 2325 canis
1267 2296 1285 2324 ἀ
1302 2295 1382 2324 con'o
1394 2304 1451 2324 non
1468 2294 1670 2324 exterrebitur
1683 2299 1785 2325 uncto.

1060 2339 1112 2368 31.
1139 2339 1219 2368 Ecce
1235 2338 1317 2375 avia,
1331 2335 1401 2378 egra]
1425 2337 1510 2367 Vota
1522 2346 1690 2367 avarorum
1705 2338 1860 2370 hactenus

1017 2383 1155 2421 carpsit3
1185 2383 1254 2420 jam
1281 2381 1514 2420 superstitiosas
1540 2381 1716 2411 mulierum
1750 2390 1860 2420 preces

1021 2425 1241 2464 reprehendit,
1267 2434 1346 2463 quas
1361 2424 1507 2453 solebant
1529 2423 1590 2452 issae
1608 2433 1666 2462 pro
1682 2424 1861 2455 infantibus

1019 2469 1188 2507 concipere
1203 2469 1255 2498 die
1278 2468 1407 2498 lustrico
1430 2467 1459 2496 Sc
1476 2466 1646 2505 nominali,
1671 2468 1792 2506 nempe
1807 2477 1860 2498 oc-

1022 2517 1093 2541 tavo
1109 2512 1149 2541 ab
1164 2517 1250 2548 ortu,
1275 2521 1331 2549 pro
1360 2510 1496 2549 puellis,
1521 2519 1622 2547 nono,
1645 2519 1702 2549 pro
1728 2512 1858 2550 pueris;

1019 2554 1193 2594 solitasque
1209 2554 1352 2583 adhiberi
1369 2553 1575 2582 caeremonias
1599 2553 1782 2594 perstringit
1804 2554 1859 2584 hic

1018 2596 1153 2627 Peisius.
1198 2597 1283 2626 Vide
1300 2596 1383 2626 Coel.
1404 2595 1541 2635 Rhodig.
1556 2595 1610 2624 lib.
1626 2596 1678 2625 22.
1693 2606 1766 2636 cap.
1786 2598 1836 2627 12.

1060 2638 1256 2680 Blatertera]
1304 2639 1432 2669 Dicitur
1469 2637 1574 2678 quasi,
1612 2643 1712 2669 ’nater
1746 2639 1859 2670 altera.

1017 2683 1146 2723 Nempe
1163 2692 1285 2713 munus
1301 2681 1457 2713 lustrandi
1469 2690 1610 2720 puerum
1624 2682 1805 2721 pertinebat
1819 2684 1858 2712 ad

1016 2735 1098 2756 anus
1122 2727 1282 2765 religiosas
1308 2726 1325 2756 ὲ
1355 2725 1547 2764 cognatione
1570 2726 1761 2764 praecipuas,
1784 2735 1857 2765 quae

1016 2769 1117 2807 hujus
1135 2770 1177 2798 rei
1194 2768 1289 2798 causa
1305 2768 1553 2799 conveniebant.

1060 2813 1113 2841 623.
1137 2811 1257 2849 Infami
1279 2810 1393 2851 digito]
1417 2811 1450 2840 Id
1467 2818 1526 2849 est,
1549 2810 1669 2849 medio,
1693 2811 1751 2850 qui
1774 2811 1857 2841 infa-

1017 2856 1077 2884 mis
1105 2855 1280 2891 dicebatur,
1304 2854 1343 2883 eo
1370 2854 1459 2893 quod
1487 2854 1554 2893 ille,
1577 2855 1746 2884 contractis
1777 2855 1858 2891 aliis,

1017 2904 1174 2927 extensus
1189 2898 1331 2936 speciem
1347 2898 1524 2936 quamdam
1541 2897 1728 2936 pudendam
1746 2905 1859 2936 reprae-

1017 2946 1132 2970 sentet.
1177 2939 1271 2970 Unde
1301 2942 1490 2980 probrosum
1520 2947 1599 2976 erat,
1622 2940 1722 2968 alicui
1752 2947 1858 2970 osten-

1022 2984 1097 3013 dere
1128 2983 1273 3013 medium
1303 2984 1454 3023 digitum,
1488 2983 1623 3021 reliqua,
1655 2991 1755 3012 manu
1784 2992 1861 3012 con-

1022 3026 1121 3057 tracta
1138 3033 1347 3066 porrectum,
1372 3027 1432 3056 hoc
1450 3027 1537 3056 enim
1555 3024 1651 3054 modo
1667 3025 1862 3056 notabantur

1022 3070 1136 3100 cinaedi
1151 3069 1179 3100 ἃ
1199 3070 1322 3100 molles.
1370 3069 1494 3099 Petron.
1512 3069 1586 3099 Dio.
1606 3067 1767 3108 Chrysost.
1783 3075 1860 3099 orat.
