1948 3281
103 81 183 123 156

599 79 942 125 JUVENALIS
981 83 1202 128 SATIRA
1229 86 1359 128 VIII.

91 171 151 200 Vos
165 174 279 209 autem,
299 171 436 210 Trojani,
460 170 603 201 vobisme.
618 171 680 212 At
701 187 791 224 VOS,
815 173 910 228 Troj
920 188 1080 229 ugenae,
1104 174 1219 215 vobis
1242 174 1471 231 ignoscitis,
1497 172 1537 218 ’δε
1557 193 1652 234 quae

85 215 176 253 tipsif
209 215 412 249 condonatis,·
456 215 503 244 Et
538 224 604 252 quoe

73 257 173 294 foeda
190 258 311 287 cerdom'
327 258 521 296 viderentur,
541 257 600 287 Vo-

617 229 770 283 Turpia
792 231 973 281 cerdoni,
991 232 1169 273 Volesos
1186 233 1420 288 Brutosque
1440 234 1659 278 decebunt.

81 301 154 329 rests
177 311 214 330 ac
241 299 494 332 Brutishonesca
517 286 745 342 smzt.Quid,
771 287 802 328 si
825 303 1042 343 nunquam
1064 290 1166 330 adeo
1185 289 1310 330 foedis
1332 291 1514 347 adeoque
1536 294 1737 348 pudendis

84 342 170 376 Quid
182 345 263 383 quod
284 354 434 383 nunquam
460 344 597 382 exempla
615 344 787 384 Utimur
806 346 1020 401 exemplis»,
1043 358 1087 388 ut
1111 363 1197 388 non
1221 348 1358 403 pejora
1377 351 1609 403 supersint?

82 391 147 416 tam
162 389 266 426 turpia
282 389 304 425 (ξς
317 389 517 429 ignominiosa
541 389 595 416 ad-

80 428 223 469 hibenzm,
249 431 321 470 quin
342 436 458 461 restent
476 430 595 468 foerlio-

612 400 888 462 Consumptis
905 403 1052 458 opibus
1074 406 1525 461 vocem‚·Damasippe,
1549 409 1693 452 locasti
1735 412 1810 452 185

78 473 144 502 ra?
180 475 310 503 Attritis
322 475 476 511 fortunis,
498 483 595 502 seem
609 458 784 513 Sipario,
809 460 1040 503 clamosum
1061 477 1197 519 ageres
1222 473 1267 503 ut
1291 463 1466 504 Phasma
1490 465 1660 508 Catulli.

77 526 178 546 vocem
199 518 406 555 commodasti,
428 516 592 553 Damasip-
608 516 859 558 Laureolum]

70 569 124 598 pe,
154 565 188 589 ut
213 564 443 600 rcpraesentares
472 559 594 588 Calullc'

74 602 122 632 Ple
126 613 211 633 asma
246 603 425 632 clamoribus
452 602 526 640 plen
532 612 590 631 um.

884 519 1017 560 Velox
1039 521 1162 561 etiam
1185 519 1290 561 bene
1313 521 1516 562 Lentulus
1539 523 1636 578 egit,

604 573 753 614 Judice
774 589 857 627 me,
875 575 1027 632 dignus
1049 580 1143 619 vera
1164 593 1298 619 cruce.

1359 579 1454 619 Nec
1476 588 1612 620 tamen
1637 582 1714 637 ipsi

48 658 51 661 ·
72 646 228 677 Lenffulus
252 656 368 684 quoque
397 644 490 674 Vesox
505 644 589 674 Lau·
605 631 802 686 Ignoscas
826 635 978 689 populo
999 651 1008 676 :
1042 636 1183 691 populi
1202 638 1314 677 frons
1337 635 1475 677 durior
1499 637 1637 692 liujus,

71 689 184 719 reolum
223 689 318 727 probe
351 689 589 727 repraesentavit,

67 734 175 762 reversi
187 733 309 761 merit-ue
317 732 510 771 supplicium,
523 731 590 760 meti

68 778 202 815 quidem
215 775 381 805 sententia.
431 774 588 804 Verumta-

68 829 134 847 men
175 828 211 847 ne
248 819 308 857 ipsi
337 828 453 857 parcas
491 818 588 857 plebi.

603 688 690 745 Qui
715 690 840 742 sedet,
867 692 907 733 δε
927 702 1084 747 spectat
1106 693 1310 735 triscurria
1333 693 1601 735 patriciorum
1621 711 1630 736 :

1728 698 1808 740 190

605 746 842 802 Planipedes
865 751 976 791 audit
1002 751 1163 802 Fabios,
1188 752 1313 792 ridere
1335 764 1467 806 potest
1489 752 1559 807 qui

603 804 912 849 Mamercorum
931 809 1080 863 alapas.

1141 810 1299 867 Quanti
1324 824 1396 850 sua
1417 812 1560 850 funera
1581 810 1774 863 vendant,

69 861 246 891 Enimvero
259 862 463 900 impudentior
478 865 580 891 vallus
593 862 681 892 istius
690 865 803 904 plebis,
819 877 884 905 quae
904 868 1017 897 assidet
1040 873 1130 908 atque
1152 869 1259 906 apicis
1276 868 1366 897 nimis
1378 868 1520 897 scurrilia
1542 869 1686 898 nobilium
1701 881 1715 905 ,·
1735 880 1805 900 crus·

68 907 167 933 cvltnt
183 905 295 935 Fabios
305 905 411 943 planis
420 904 560 944 pedibus,
574 915 638 944 quae
649 907 791 948 denique
803 911 937 939 deridere
949 911 1031 940 valet
1043 912 1186 951 colaphos
1199 910 1432 941 Mamercorum.

69 951 101 975 to
126 949 230 987 pretio
244 949 425 978 venumclent

1483 910 1565 944 Quid
1577 913 1691 942 attinet
1705 923 1802 952 quan-

67 1033 115 1063 ibi
128 1035 248 1066 faceret
261 1046 355 1075 opus,
379 1036 499 1066 catenis
522 1037 663 1075 vinctus,
687 1039 721 1068 in
738 1041 914 1080 ergastulis,
961 1042 1017 1071 lib.
1034 1042 1062 1070 8.
1081 1052 1109 1072 c.
1127 1043 1180 1072 13.
1197 1044 1224 1070 δε
1243 1043 1293 1071 14.
1312 1042 1340 1071 ἃ
1353 1041 1407 1071 lib.
1427 1043 1478 1071 17.
1491 1051 1519 1070 c.
1534 1042 1583 1071 14.
1629 1042 1666 1072 In
1692 1042 1729 1073 ea
1755 1043 1800 1074 fa-

68 1086 142 1116 quae
161 1080 279 1110 ibidem
289 1080 481 1118 frequentia.
498 1080 699 1111 Martiallib.
711 1083 740 1112 9.
755 1082 912 1122 Epig.23.

131 1122 178 1152 Et
194 1128 277 1152 sonet
291 1122 449 1152 innumera¹
463 1124 602 1162 compede
620 1124 752 1155 Thuscus
763 1135 848 1166 ager.

108 1165 295 1206 Ergaslm'a]
320 1166 402 1195 Vide
415 1166 480 1195 Sat.
499 1167 528 1196 6.
547 1177 574 1196 v.
594 1169 663 1197 150.

110 1210 184 1239 181.
215 1209 414 1250 T7·ojugenoe]
443 1211 579 1239 Romani
602 1212 740 1250 nobiles,
765 1212 782 1242 ὲ
798 1213 909 1252 Troja-

63 1251 114 1281 nis
131 1253 269 1282 oriundi.

110 1296 180 1326 182.
209 1296 284 1328 Quoe
299 1296 401 1334 turpia
413 1296 549 1331 cerdoni,
562 1297 626 1335 εἶτα]
651 1298 784 1328 Ιῑοῃίςὲ.
821 1301 909 1331 Scili-

59 1344 111 1369 cet
127 1340 229 1370 nobili
243 1340 368 1379 quidvis
382 1339 470 1377 licet,
492 1344 523 1368 at
538 1349 605 1370 non
621 1341 665 1370 ita
681 1342 819 1381 plebeio.

108 1382 258 1424 Cei-doni]
283 1382 365 1412 Vide
379 1383 454 1412 Pers
481 1382 545 1412 Sat.
565 1389 594 1411 4.
609 1394 701 1414 versu
721 1387 846 1424 penult.

108 1425 228 1456 Voleso-5
262 1426 448 1464 Brutosque]
494 1425 627 1456 Nobiles
665 1438 904 1472 quoscumque,

58 1469 234 1500 Brutorum
249 1470 372 1500 familia
386 1470 495 1498 Romae
509 1469 637 1500 illustris
651 1472 690 1500 ab
709 1472 764 1502 illo
779 1474 904 1505 vindice

57 1512 211 1544 Romanae
230 1514 401 1543 libertatis:
428 1512 625 1543 Volesorum
641 1520 752 1544 autem
781 1526 822 1545 ex
845 1519 902 1548 Sa-

56 1555 153 1595 binis,
171 1559 188 1586 a
211 1557 319 1587 Valer.
338 1556 474 1592 Voleso,
492 1556 548 1594 qui
565 1555 626 1586 fuit
653 1567 740 1587 unus
762 1558 780 1588 ὲ
802 1561 901 1591 tribus

55 1599 117 1629 illis
137 1601 218 1638 viris,
243 1601 301 1639 qui
324 1600 408 1629 facto
432 1598 554 1636 fodere,
582 1599 690 1629 Roma:
719 1610 899 1639 permanse-

54 1649 133 1673 runt
149 1653 225 1674 cum
242 1644 281 1673 T.
298 1643 393 1673 Tatio
412 1652 494 1681 rege,
507 1648 607 1680 atque
623 1643 802 1674 honoribus
818 1648 900 1684 ¹ioti-

54 1686 184 1724 tisunt,
208 1695 390 1725 eorumque
407 1685 545 1724 posteri:
573 1691 611 1714 ut
633 1694 737 1717 narrat
761 1689 898 1722 Dionvs.

53 1728 266 1760 Halicarnass.
281 1730 334 1760 lib.
349 1731 389 1759 2.
852 1725 859 1730 ’

98 1774 169 1804 188.
199 1773 291 1811 Quid,
314 1774 341 1803 si
363 1782 529 1811 nunquam,
555 1772 621 1810 ἐξα]
648 1772 736 1805 Quid
753 1774 848 1813 dicas,
874 1778 898 1806 si

50 1818 170 1855 majora
183 1817 289 1847 adhuc
301 1817 363 1847 sint
376 1816 538 1846 nobilium
557 1816 645 1853 vitia,
659 1818 757 1855 quiim
774 1828 811 1847 ea
823 1829 896 1858 quat

50 1859 208 1891 hactenus
234 1861 372 1900 culpavi.
420 1859 521 1888 Levia
550 1859 614 1888 sint
641 1869 713 1899 qui:
745 1861 827 1900 dixi,
854 1873 896 1893 en

49 1904 166 1934 mimos
182 1911 294 1943 agunt,
312 1905 339 1933 S.-
358 1904 580 1944 gladiatoriam
598 1910 763 1933 exercent.

95 1947 165 1977 185.
196 1947 391 1987 Consumptis
415 1946 536 1985 opibus]
567 1945 713 1976 Decocto
740 1949 892 1985 patrimo—

49 1990 117 2028 nio,
145 1997 176 2020 te
191 1992 353 2021 convertis
368 1990 408 2021 ad
431 1996 512 2019 artes
528 1997 724 2028 quaestuosas
741 1994 892 2029 quamvis

46 2039 167 2072 turpes.

95 2078 203 2108 Vocem
221 2076 346 2115 locasti]
369 2076 476 2106 Praeco
491 2075 642 2105 mimicus
656 2074 756 2114 fuisti,
782 2079 811 2107 ὃ(
838 2089 892 2108 vo-

47 2130 118 2151 cem
132 2122 342 2151 histrionibus
356 2121 383 2150 δε
399 2119 593 2149 histrionicis
608 2120 784 2158 praebuisti,
799 2123 892 2160 pacta

46 2166 205 2194 mercede.

92 2208 164 2238 186.
199 2205 340 2248 Sipario]
385 2205 604 2244 Metonymia,
641 2215 698 2243 pro
729 2205 891 2247 Tlieatris,

44 2251 229 2289 Actoribus,
242 2261 278 2281 ac
291 2251 375 2281 ludis
387 2250 530 2279 scenicis.
577 2249 698 2279 Donat.
710 2249 744 2278 in
757 2250 892 2282 Terent.

43 2294 153 2324 Aulaea
176 2304 293 2333 quoque
319 2294 349 2323 in
372 2303 462 2322 scena
485 2292 607 2321 intexta
630 2296 821 2332 sternuntur,
846 2296 893 2325 in-

44 2340 127 2377 quit,
148 2349 206 2377 pro
231 2338 340 2376 quibus
361 2341 436 2366 <etas
454 2339 604 2375 posterior
624 2336 741 2374 siparia
765 2339 893 2376 accepit.

42 2380 103 2410 Est
119 2386 219 2411 antem
241 2381 389 2420 siparium
411 2379 560 2409 mimicum
577 2380 673 2408 velum
696 2388 754 2417 qno
773 2381 892 2411 theatro

43 2424 230 2463 obtenditur,
256 2427 279 2462 ξς
295 2425 376 2464 quod
387 2424 499 2465 populo
516 2423 656 2458 obsistat,
681 2424 891 2460 ‹Ianzfahula-

43 2476 107 2496 ram
123 2473 210 2497 actus
223 2471 458 2498 commutantur.

88 2510 259 2540 Clamosum
273 2521 380 2553 ageres
396 2514 429 2540 ut
437 2509 584 2551 phasma]
606 2509 654 2540 Ut
668 2509 784 2549 magna
802 2513 886 2542 vocis

44 2555 253 2584 contentione
267 2556 301 2584 in
315 2556 458 2585 Theatro
475 2555 587 2584 recites
605 2555 633 2583 δε
649 2562 731 2592 agas.

85 2595 235 2635 Phasma]
261 2596 376 2628 Latine
392 2604 568 2636 spectrum,
592 2606 650 2626 seu
667 2598 784 2627 visum.
829 2598 883 2628 Ti-

43 2640 132 2670 tulus
149 2644 197 2669 est
218 2641 245 2669 Sc
268 2650 390 2671 nomen
407 2641 533 2672 fabulae.
581 2641 713 2670 Terent.
728 2640 883 2671 Eunuch.

43 2683 170 2723 Prolog-

106 2727 193 2757 Idem
208 2726 379 2757 Menandri
394 2726 528 2757 Phasma
544 2737 624 2757 nunc
639 2736 734 2766 nuper
749 2726 844 2757 dedit.

42 2770 81 2800 In
97 2780 133 2800 ea
149 2770 272 2800 scilicet
294 2771 479 2800 adolescens
506 2771 543 2801 ad
570 2772 714 2809 pulchrae
743 2771 887 2811 virginis,

44 2815 133 2844 velut
149 2814 188 2844 ad
202 2814 346 2843 numinis
361 2819 529 2852 aspectum
545 2823 764 2854 expavescens
788 2816 887 2846 intro-

40 2856 179 2888 ducitur.
202 2856 323 2887 Donat.

86 2899 224 2939 Catulli]
250 2899 288 2933 Q.
304 2898 429 2929 Lutatii
447 2899 567 2929 Catulli
590 2900 740 2940 ignobilis
763 2901 880 2941 Poetae,

39 2943 80 2974 de
95 2954 162 2982 quo
179 2943 311 2973 Probus.

84 2988 156 3017 187.
179 2985 378 3025 Laureolum]
401 2985 511 3023 Hujus
534 2986 626 3015 mimi
648 2987 723 3017 facit
739 2989 878 3018 mentio-

35 3038 112 3060 nem
137 3031 271 3060 Sueton.
291 3030 393 3070 Caiig.
410 3039 439 3059 c.
455 3030 506 3060 57.
523 3029 540 3057 a
557 3038 624 3067 quo
638 3031 713 3059 vero
728 3032 877 3069 scriptus,

36 3082 104 3102 non
132 3074 304 3112 c01ivenit3
340 3083 382 3102 an
409 3074 428 3102 a
452 3071 600 3109 Laberio,
630 3081 672 3102 an
705 3074 724 3101 ὲ
752 3073 875 3104 Naevio.

35 3115 121 3146 Vide
146 3116 288 3147 Macrob.
306 3116 372 3148 Sat.
389 3117 420 3147 2.
437 3126 464 3147 c.
479 3117 507 3147 7.
525 3116 555 3147 &
572 3115 658 3146 Gell.
675 3115 730 3146 lib.
749 3116 780 3146 3.
797 3125 824 3146 c.
838 3117 870 3147 3.

959 1085 1048 1121 bula,
1061 1095 1143 1115 crux
1156 1086 1264 1124 figitur
1279 1085 1437 1114 Laureolo
1449 1094 1539 1114 servo
1556 1085 1591 1114 in
1606 1086 1724 1116 scelere
1740 1086 1800 1117 de-

957 1129 1130 1166 prehenso.
1176 1129 1284 1157 Vetus
1299 1128 1408 1157 Sehoi.

1005 1169 1114 1211 Velox]
1139 1171 1280 1205 Quidam
1295 1180 1362 1200 non
1378 1180 1562 1210 cognomen
1577 1181 1643 1202 esse
1665 1171 1798 1203 Lentuli

955 1215 1083 1253 volunt,
1100 1216 1154 1245 sed
1165 1217 1428 1254 interpretantur,
1445 1215 1574 1253 habilis,
1588 1215 1690 1254 agilis,
1714 1217 1796 1247 citus

956 1258 991 1287 in
1003 1260 1126 1298 agendo

996 1298 1164 1341 Lentulus]
1190 1302 1304 1331 Praeter
1333 1301 1585 1341 Damasippum,
1619 1301 1716 1331 etiam
1743 1303 1797 1332 alii

953 1346 1074 1374 nobiles
1092 1347 1119 1375 δι’
1139 1345 1275 1375 Patricii.

998 1389 1067 1418 188.
1092 1388 1219 1430 Dignus
1241 1386 1312 1417 verri
1329 1387 1429 1426 cruce]
1454 1388 1527 1417 Non
1555 1386 1629 1416 ficta
1651 1388 1793 1427 tantum,

950 1436 987 1461 ut
1005 1433 1153 1462 mimicus
1168 1432 1223 1462 ille
1234 1441 1350 1461 servus.
1398 1430 1538 1460 Martial.
1551 1431 1696 1469 Spectac.
1714 1432 1792 1471 Epi-

1105 1478 1122 1490 r,

972 1485 1071 1506 mmm
1108 1491 1116 1505 ι
1132 1500 1135 1503 .

948 1484 968 1513 g
1032 1517 1205 1555 Nonfalwz
1218 1518 1355 1556 pendens
1368 1518 1400 1546 in
1415 1526 1505 1547 cruce
1522 1514 1704 1546 Laureolus.

988 1560 1056 1590 IVec
1073 1567 1173 1591 tamen
1197 1562 1255 1600 ips-i
1276 1562 1417 1601 ignoscas
1429 1560 1556 1599 populo]
1582 1559 1649 1592 Qui
1673 1560 1792 1591 talibus

944 1606 1135 1642 spectaculis
1153 1607 1179 1634 ἐκ·
1205 1603 1605 1634 scurrilitatibus'Patricio
1630 1604 1790 1641 pudendis

944 1656 1011 1676 non
1028 1650 1124 1678 modo
1148 1658 1215 1678 non
1240 1647 1433 1684 offendatur,
1455 1647 1509 1676 sed
1533 1645 1672 1685 gaudeat
1688 1648 1717 1676 Sc
1735 1656 1791 1686 ap-

941 1691 1085 1728 plaudat.

990 1735 1059 1764 190.
1088 1734 1116 1764 T
1117 1734 1273 1772 risczzrria]
1299 1733 1335 1762 ld
1352 1740 1399 1762 est
1415 1732 1505 1762 valde
1531 1732 1559 1761 &
1583 1731 1679 1771 plane
1703 1742 1789 1763 scur-

942 1776 1021 1806 rilia.
1067 1777 1354 1810 Quemadmodum
1373 1776 1490 1805 dicitur
1502 1775 1741 1814 Trismegistus,
1759 1778 1786 1806 Sc

941 1821 1027 1858 apud
1045 1821 1198 1851 Plautum
1230 1820 1347 1858 Trifur,
1375 1817 1574 1857 Tr{fu7·c{f'er,
1598 1820 1656 1847 dcc.
1703 1820 1790 1850 Sunt

942 1864 1000 1901 qui
1018 1864 1118 1893 velint
1143 1865 1247 1893 notari
1269 1864 1408 1901 triplices
1433 1863 1464 1891 in
1494 1862 1588 1891 Circo
1610 1861 1782 1901 decursus;

938 1906 992 1936 sed
1006 1908 1112 1937 minus
1129 1907 1168 1936 ad
1185 1917 1264 1944 rem,
1277 1903 1529 1943 nostrojudicio.
1574 1904 1785 1943 Ingeniosum

938 1956 984 1979 est
1014 1950 1102 1989 quod
1130 1951 1272 1989 Scaliger
1306 1949 1395 1988 legit,
1430 1947 1642 1984 Transcurria,
1673 1948 1785 1986 aitque

934 1992 998 2022 dici
1022 1994 1114 2031 quasi
1140 1993 1309 2022 transitum
1335 1992 1352 2020 a
1377 1991 1476 2021 Curia
1498 1990 1536 2019 ad
1561 1989 1682 2027 Ludos,
1706 1991 1782 2021 cum

934 2037 1054 2074 nempe
1080 2037 1252 2065 Senatores
1271 2035 1300 2063 St.
1317 2034 1446 2064 Patricii
1467 2033 1589 2063 fiebant
1611 2042 1725 2062 scurrae
1751 2035 1781 2064 δε

938 2078 1027 2108 ludii.

984 2123 1056 2152 191.
1080 2121 1270 2160 Planipedes
1280 2120 1366 2149 audit
1383 2117 1512 2159 Fabios]
1536 2118 1671 2149 Nobiles
1688 2129 1784 2159 quos·

939 2174 1086 2204 cumque
1098 2166 1133 2194 in
1146 2164 1313 2195 comoediis
1322 2169 1454 2202 agentes
1468 2163 1537 2192 sine
1551 2162 1681 2193 horrore
1691 2173 1782 2203 spec-

937 2214 994 2238 tat.

979 2250 1180 2290 Planipedes]
1227 2250 1277 2280 Ita
1304 2250 1409 2280 vocari
1436 2248 1561 2279 fabulas
1589 2257 1783 2288 argumento

939 2296 968 2324 ὅε
983 2295 1111 2324 actione
1125 2294 1291 2324 vilissimas
1307 2294 1412 2323 scribit
1426 2293 1583 2322 Donatus.
1617 2292 1780 2324 Nimirum

936 2338 970 2367 in
989 2338 1058 2368 aliis
1081 2335 1281 2367 cot'n‘umum
1305 2337 1484 2366 induebant
1502 2343 1622 2365 actores
1643 2342 1701 2365 aut
1721 2337 1780 2366 sal-

937 2388 1002 2411 tem
1029 2391 1172 2410 soccum.
1221 2380 1287 2410 Vel
1307 2386 1400 2410 notat
1414 2379 1564 2408 Patricios
1588 2384 1719 2418 agentes
1744 2380 1778 2409 in

937 2426 1062 2455 theatro
1076 2424 1227 2454 Personas
1243 2433 1418 2461 servorum,
1442 2422 1499 2461 qui
1521 2420 1616 2451 nudis
1643 2422 1778 2460 pedibus

935 2467 1140 2498 incedebant.

976 2513 1048 2542 192.
1075 2511 1297 2540 Mamercorum
1320 2507 1444 2548 alapas]
1483 2506 1573 2540 Quas
1595 2507 1718 2537 nobiles
1743 2509 1778 2539 in

929 2557 1035 2585 servili
1058 2564 1194 2594 persona
1211 2554 1320 2584 ferunt
1336 2554 1353 2582 a
1368 2551 1500 2582 scenicis
1522 2550 1660 2580 dominis
1685 2552 1775 2581 casti-

929 2599 1007 2637 gati,
1034 2599 1159 2628 ridente
1178 2599 1303 2627 interim
1322 2595 1454 2636 populo.
1502 2594 1555 2623 Sic
1576 2593 1774 2625 Panniculus

928 2642 945 2670 a
978 2642 1093 2671 Latino
1125 2642 1226 2680 a²apis
1252 2641 1436 2679 frequenter
1467 2647 1576 2666 caesus.
1632 2636 1775 2668 Martial.

933 2684 1028 2724 Epig.
1048 2687 1065 2714 7
1091 2685 1146 2714 lib.
1161 2687 1193 2715 2.
1205 2685 1233 2714 δε
1248 2685 1303 2714 lib.
1323 2686 1352 2713 5.
1365 2682 1565 2721 Epigramm.
1580 2680 1630 2710 62.

976 2727 1222 2766 Mamercorum]
1246 2727 1373 2766 Horum
1398 2724 1529 2753 illustris
1553 2723 1664 2753 Romae
1682 2723 1774 2753 fami-

932 2771 974 2800 lia
1002 2773 1030 2801 &
1053 2772 1140 2811 origo
1165 2772 1182 2801 a
1202 2770 1313 2800 Numa
1332 2768 1492 2806 Pompilio
1516 2765 1667 2804 deducta,
1690 2770 1772 2797 teste

932 2814 1107 2844 Plutarcho
1122 2815 1157 2844 in
1170 2814 1236 2843 vita
1248 2813 1378 2843 Numae.
1426 2810 1486 2839 Hic
1500 2810 1587 2840 enim
1601 2810 1675 2840 cum
1692 2819 1773 2848 qua-

930 2864 1004 2887 tuor
1028 2858 1163 2887 haberet
1186 2857 1278 2895 filios,
1300 2863 1407 2886 unum
1430 2852 1605 2892 appellavit
1628 2853 1772 2883 Mamer-

930 2910 1005 2930 cum
1028 2911 1070 2930 ex
1096 2901 1279 2940 Pythagorae
1304 2899 1377 2928 filio.
1425 2895 1634 2927 AEmihorum
1658 2902 1768 2926 autem

925 2950 1059 2983 gentem
1075 2944 1215 2974 Patriciis
1230 2942 1398 2972 admistam
1422 2941 1461 2970 ab
1486 2941 1541 2970 illo
1565 2939 1768 2970 nominatam

922 2987 1045 3017 ferunt.
1093 2988 1172 3017 Haec
1186 2985 1345 3015 Plutarch·
1361 2984 1435 3014 ibid.
1472 2984 1504 3013 A
1521 2984 1626 3013 Marte
1643 2982 1769 3022 genitos

920 3031 976 3060 alii
991 3030 1161 3060 affirmant.
1186 3029 1272 3058 Vide
1288 3029 1384 3058 Alex.
1400 3028 1440 3057 ab
1454 3027 1552 3057 Alex.
1570 3027 1625 3056 lib.
1642 3027 1672 3055 5.
1689 3034 1717 3053 c.
1734 3027 1768 3054 4.

967 3073 1083 3106 Quanti
1109 3083 1164 3102 sua
1187 3071 1308 3110 funera
1332 3071 1479 3109 vendant,
1514 3069 1590 3108 quid
1621 3067 1719 3105 refert
1733 3066 1766 3105 Ρ]

919 3116 1007 3150 Quid
1020 3116 1114 3149 refert
1129 3116 1217 3156 quod
1232 3116 1360 3147 lucrum
1376 3115 1501 3146 habent
1511 3112 1528 3144 ὲ
1544 3111 1719 3154 gladiatura
1734 3109 1745 3140 ἲ
