1948 3281
88 63 174 106 336

691 63 877 106 PERSII
915 59 1133 105 SATIRA
1157 62 1216 102 V.

92 156 147 185 (ὥς
167 153 281 184 cervice
304 153 402 184 illius.
446 154 499 184 ⁵³0
515 152 599 202 Chaj-
612 152 743 202 Dave,
767 151 864 202 cito,
889 152 967 191 hoc
990 148 1285 204 credasjubeo,
1310 149 1422 191 finire
1443 149 1602 191 dolores

90 201 241 228 restratus
265 197 371 226 rodens
394 207 526 237 unguem
553 207 597 226 m-

94 251 163 271 vum
201 239 276 269 dicit
313 239 395 269 ista:
447 241 466 269 ὀ
502 239 602 275 Dave,

615 209 848 250 Praeteritos
866 208 1054 248 meditor.
1087 206 1276 247 Crudum
1301 207 1596 248 Chaerestratus
1618 217 1800 262 unguem

92 286 158 314 volo
195 288 233 313 ut
263 282 309 312 his
336 282 432 319 fidem
471 265 831 311 habeas:AbrOdenS
854 265 908 305 ait
930 266 1038 305 haeC·

1098 264 1170 304 An
1193 262 1308 303 siccis
1334 264 1505 304 dedecus
1527 264 1686 304 obstem

95 326 198 366 cogito
210 325 308 362 finem
329 325 479 364 imponere
501 335 602 362 suam·
619 321 846 376 Cognatis?
881 322 952 362 An
976 335 1059 362 rem
1081 319 1266 375 patriam,
1290 335 1449 361 rumore
1471 322 1647 370 sinistro,

90 369 224 408 primum
256 368 403 407 prioribus
447 367 600 397 molestiis.

94 410 250 450 Numquid
285 421 345 450 ego
382 411 521 450 probrum
556 410 604 438 ob-

90 455 201 484 sistam
223 454 452 494 consanguineis
466 452 538 481 meis
559 461 603 479 so·
787 435 886 475 udas

617 378 764 419 Limen
802 379 849 419 ad
893 378 1139 419 obscoenum
1189 377 1389 434 frangam,
1442 378 1541 418 duni
1588 375 1802 433 Chrysidis

1725 434 1799 474 165

96 496 195 526 briis!
231 497 388 535 Numquid
409 495 623 534 patrimonium
646 493 756 522 elidam
779 495 821 523 ad
838 499 961 533 portam
987 493 1145 533 impuram,
1171 493 1253 522 malci
1271 492 1377 532 fama,
1401 493 1520 531 quando
1542 502 1596 533 ego
1626 494 1804 523 temulentas

98 549 174 569 cano
187 544 259 570 ante
273 539 423 568 humidam
439 537 595 576 Chrysidis

99 648 240 678 ticulum
257 647 412 676 eluctatus
429 651 474 674 est
494 645 606 682 semel,
622 649 679 674 aut
695 644 788 674 etiam
807 645 929 684 aliquo-

99 692 158 721 ties
172 701 181 729 3
205 691 227 718 is
242 699 308 718 non
323 693 369 717 est
381 688 530 717 liberatus
545 689 699 726 quisnam
714 695 858 717 catenam
871 693 930 717 tra-

99 734 156 763 hit.
202 733 326 761 Locum
341 731 430 759 hunc
446 730 541 759 Persii
555 731 714 769 integrum
731 731 932 760 adumbravit

99 777 236 811 Seneca,
251 775 290 803 <le
302 773 376 802 Vita
389 773 499 802 beata:
526 772 570 801 Et
586 773 637 811 qui
652 773 695 802 arl
709 774 848 802 virtulem
867 778 929 803 ten-

98 818 157 855 dit,
170 816 291 847 etiamsi
303 817 427 844 mullum
435 815 504 853 jam
513 816 673 853 processit,
683 825 756 854 opus
769 819 813 845 est
825 816 932 855 aliqua

86 861 229 899 fortune
239 857 550 895 indulgewicistrihuc
562 857 778 888 internum-«ea
789 860 933 898 luctanti,

99 904 169 932 dum
184 903 293 932 nodum
305 901 394 930 illum
409 902 534 939 exolvit,
551 903 574 939 ᾇ
595 911 679 930 omne
693 901 844 930 vinculum
857 913 932 931 mor-

99 945 164 975 tale
188 967 325 975 .....
361 943 420 977 Qui
448 945 491 974 ad
517 945 669 983 superiora
691 954 868 983 progressus
889 949 933 974 est

98 988 204 1018 laxam
217 992 356 1018 calenara
373 985 480 1026 trahit,
495 988 624 1016 nondum
639 986 725 1025 liber,
741 987 812 1025 jam
834 991 933 1018 tamen

93 1041 152 1070 pro
167 1031 271 1061 liberor

145 1074 217 1104 161.
240 1075 340 1109 Dave,
355 1073 426 1109 cito,
447 1072 513 1111 dja]
540 1072 715 1103 Confirmat
742 1074 893 1110 exemplo
916 1074 933 1103 ὲ

99 1116 273 1147 Ινῐεηειηὼί
285 1117 458 1154 Eunucho,
469 1126 580 1155 quern,
595 1116 745 1155 personis,
760 1117 787 1145 &
803 1116 933 1154 quibus-

99 1159 176 1190 dam
205 1160 397 1198 immutatis,
427 1159 588 1189 transtulit
617 1159 800 1188 Terentius.
848 1159 934 1189 Huic

99 1201 254 1240 Phaedria,
284 1203 330 1232 illi
350 1210 399 1232 est
413 1202 654 1239 Chaerestratus,
686 1201 762 1231 huic
779 1202 935 1233 Parmeno

100 1252 162 1284 est,
176 1246 221 1275 illi
232 1245 356 1282 Davus,
371 1245 513 1274 Personae
531 1244 681 1275 Comicae.
728 1244 824 1276 Quod
836 1246 863 1274 δι
880 1255 934 1275 an-

101 1290 227 1318 notavit
241 1294 333 1318 vetus
349 1288 455 1318 Schol.

144 1331 247 1370 Daue]
264 1330 394 1360 Nomen
407 1331 489 1360 servi
500 1331 587 1370 apud
600 1330 816 1360 Menandrum
832 1330 935 1361 Athe-

100 1374 247 1404 niensem
259 1373 501 1404 Comoediarum
516 1375 710 1412 scriptorem.
736 1373 838 1402 Servis
849 1374 936 1413 apud

100 1416 264 1448 Romanos
301 1417 434 1446 nomina
470 1417 538 1446 haec
575 1417 767 1454 frequentia,
805 1416 939 1455 Statius,

102 1459 290 1500 DionysiuS,
306 1460 447 1497 Stichus,
464 1460 570 1489 Hera:
596 1460 679 1489 sicut
695 1459 848 1496 Athenis,
870 1459 936 1490 Da-

100 1512 172 1540 vus,
187 1505 271 1533 Geta
287 1512 330 1532 ex
343 1512 410 1541 quo
426 1503 520 1540 Daci,
536 1503 611 1542 quia
625 1502 718 1532 antea
742 1501 838 1539 Davi,
851 1502 937 1532 bello

101 1546 228 1576 subacti
256 1546 401 1575 fuerant:
435 1545 521 1584 apud
545 1547 639 1585 Syros
664 1544 771 1574 Dama
786 1556 792 1573 :
823 1545 857 1574 in
880 1545 935 1575 Pa-

102 1589 275 1628 phlagonia
289 1588 430 1626 Tybius:
455 1588 542 1627 apud
557 1588 708 1628 PhrygeS,
729 1587 857 1625 Manes,
874 1588 936 1618 Mi-

102 1631 162 1660 da:
199 1631 459 1666 Lacedaemoniis,
498 1631 633 1661 Helota:
670 1631 806 1668 Argivis,
834 1630 937 1670 Gym-

101 1680 178 1704 neta
193 1686 200 1703 :
225 1675 443 1711 Cretensibus,
467 1673 689 1712 Epharmiota,
713 1672 852 1710 Clarota,
875 1673 937 1703 Mi-

101 1722 198 1747 nota:
228 1716 401 1755 Thessalis,
430 1716 583 1746 Penesta:
622 1716 838 1754 Syracusanis,
871 1715 937 1746 Eu-

102 1764 246 1790 statonus
261 1772 269 1789 2
316 1759 483 1800 Sicyoniis,
521 1759 770 1798 Corynephorus
783 1770 790 1787 z
839 1758 938 1789 Mari-

102 1802 226 1832 andinis
254 1804 414 1844 Bithyniae
450 1803 589 1842 populis,
621 1802 842 1842 Doryphorus,
879 1804 936 1834 &c.

103 1846 199 1876 Alex.
219 1847 258 1876 ab
278 1847 374 1877 Alex,
390 1846 445 1876 lib.
463 1847 493 1875 S.
510 1856 580 1885 cap.
597 1846 649 1875 20.

145 1887 252 1919 Finire
265 1889 392 1927 dolores]
422 1888 586 1919 Nuntium
604 1888 764 1918 remittere
779 1888 940 1919 amoribus

103 1931 163 1969 qui
179 1933 260 1963 mihi
275 1938 353 1963 sunt
367 1939 415 1962 tot
429 1933 575 1962 dolorum
597 1941 709 1961 causae.
756 1930 825 1960 Hos
848 1931 939 1962 Plau-

104 1978 158 2004 tus
171 1976 205 2006 in
221 1976 391 2006 Mercator.
435 1975 569 2014 Prologo
584 1975 626 2005 sic
644 1973 842 2013 perstringit:

145 2020 286 2049 Amorem
301 2017 362 2048 laec
374 2022 483 2048 cuncta
499 2017 571 2047 titia
586 2017 696 2047 sectari
710 2016 821 2054 solent,

147 2061 245 2099 Cura,
260 2062 409 2102 egritudo
421 2061 572 2099 nimiaque
583 2060 749 2101 elegantia,
764 2061 821 2089 dcc.

145 2105 207 2133 Sed
218 2105 316 2134 amori
328 2105 475 2134 accedunt
492 2104 582 2132 etiam
597 2103 659 2132 hoec
673 2113 738 2141 quae
752 2102 820 2132 disci
830 2102 940 2142 mimi-5,

148 2146 314 2185 Insomnia,
329 2157 474 2184 aerumna,
488 2157 582 2184 error,
598 2149 691 2176 terror
707 2148 728 2183 ξς
735 2145 834 2185 fuga,

149 2190 290 2229 Ineptice,
301 2191 510 2228 stultitiaque,
524 2190 600 2219 adeo
615 2191 638 2227 ξς
654 2188 834 2225 temeritas,-

106 2232 109 2235 “
148 2233 361 2273 Incogitantia
375 2243 491 2270 excors,
503 2232 704 2270 immodestia,

149 2275 344 2313 Petulantia,
357 2276 512 2315 cupiditas
528 2277 549 2312 ἐς
565 2274 787 2304 malevolentia.

146 2318 278 2349 Inhaeret
292 2319 384 2352 etiam
400 2319 543 2355 aviditas,
558 2318 683 2355 desidia,
698 2317 824 2357 injuria,

148 2361 272 2401 Inopia,
287 2363 469 2391 contumelia
485 2363 507 2398 ξς
523 2361 722 2400 dispendium,

150 2404 393 2444 Rsultiloquium,
404 2404 643 2444 pauciloquium.

107 2446 224 2487 virgil.
238 2447 348 2489 Eclog.
367 2449 396 2477 3.

673 2489 819 2530 Quisquis
830 2500 947 2521 amores

151 2532 215 2562 Aut
229 2537 341 2563 metuet
355 2532 469 2571 dulces,
490 2536 544 2563 aut
558 2533 728 2572 experietur
743 2544 871 2564 amaros.

111 2576 174 2613 Sed
189 2577 296 2614 ipsum
320 2577 490 2607 Phaedrum
515 2584 692 2606 amatorem
714 2578 866 2608 miserum
889 2587 944 2607 au-

109 2619 187 2657 dire,
213 2619 279 2648 imo
297 2624 438 2657 spectare
461 2620 559 2650 veluti
584 2629 624 2649 ne
648 2619 769 2659 pigeat,
796 2627 832 2650 ut
846 2621 944 2659 ipsius

109 2661 208 2691 etiam
226 2670 284 2691 nos
298 2663 455 2691 misereat.
500 2662 529 2692 ls
551 2663 637 2701 apud
663 2662 793 2694 Terent.
823 2664 900 2694 Act.
919 2665 946 2692 1.

112 2705 209 2736 Scen.
231 2705 258 2733 1.
275 2704 316 2732 sic
332 2704 474 2742 loquitur
489 2717 494 2733 :

279 2746 584 2786 Indignumfacinus
595 2748 608 2777 !
630 2748 723 2778 Nunc
735 2758 790 2789 ego
806 2751 829 2787 ἐς

153 2789 248 2820 Illam
260 2791 414 2818 scelestam
429 2800 502 2827 esse,
517 2793 539 2828 ἐς
554 2802 599 2820 me
615 2793 752 2821 miserum
767 2793 863 2822 sentio
873 2804 884 2821 .-

153 2833 199 2863 Et
215 2833 315 2870 taedet,
325 2834 353 2870 ’ξς
367 2841 466 2861 amore
482 2835 573 2863 ardeo
584 2846 592 2862 .·
618 2837 640 2873 «ξς
650 2836 799 2874 prudens,
814 2836 923 2874 sciens,

156 2877 250 2906 Vivus
264 2875 424 2912 vidensque
435 2884 525 2913 pereo
536 2887 550 2910 ,·
571 2886 624 2906 nec
637 2878 712 2915 quid
725 2888 817 2918 agam
831 2879 904 2908 scio.

153 2918 260 2949 Finire
273 2919 388 2947 dolores
395 2918 566 2956 praeteritos
579 2920 718 2959 meditor]
754 2921 947 2960 Relinquen-

111 2961 153 2991 do
178 2961 367 3001 Chrysidem
393 2961 605 2999 meretricem,
629 2972 699 3000 quse
729 2973 783 2993 me
803 2967 949 3003 properat

110 3005 241 3033 amando
263 3004 400 3043 perdere.
446 3003 491 3033 Ut
516 3011 563 3033 est
590 3005 676 3042 apud
702 3006 815 3037 Horat.
839 3007 892 3038 lib.
919 3009 949 3037 1.

112 3046 173 3076 Od.
193 3048 222 3076 8.
268 3048 358 3078 Idem
380 3046 435 3076 lib.
451 3047 483 3077 2.
500 3047 563 3077 Sat.
578 3048 609 3077 3.
625 3048 789 3087 scripserat
803 3049 844 3080 de
858 3050 949 3080 Phae-

973 645 1038 674 dria
1050 645 1255 683 Terentiano,
1277 646 1369 684 cujus
1384 645 1493 675 locum
1509 645 1669 684 integrum
1685 644 1803 675 ibidem

974 689 1139 726 expressit.

1182 733 1231 760 An
1245 732 1348 771 potiris·
1362 730 1588 767 mediterflnire
1603 729 1719 759 dolores
1732 730 1747 760 .⁷

1019 773 1089 803 162.
1117 773 1248 803 Crudum
1266 775 1485 804 Chaerestratus
1500 784 1630 813 unguem
1645 773 1805 812 abrodens]

976 817 1039 846 Prae
1054 816 1175 854 dolore,
1193 819 1280 856 quod
1303 818 1341 848 ab
1357 818 1459 847 amica
1474 818 1624 847 exclusus
1639 828 1644 845 :
1672 816 1720 844 vel
1743 826 1804 855 pra:

976 860 1108 898 ancipiti
1131 861 1322 900 incertoque
1347 861 1490 899 consilio,
1513 859 1744 899 cogitabundus
1760 867 1806 888 to-

977 909 1041 939 tue,
1065 904 1093 932 δε
1109 913 1216 932 secum
1234 906 1301 943 ipse
1316 904 1545 939 luctabunrlus,
1569 912 1649 932 uum
1673 902 1710 932 ad
1735 911 1807 932 eam

977 955 1048 984 quae
1075 946 1212 976 exclusit
1234 948 1350 984 redeat,
1372 955 1413 976 an
1427 947 1548 976 deserat
1564 955 1663 985 quam
1692 944 1808 984 perdire

975 993 1071 1018 amat.

976 1030 1057 1061 Pers.
1074 1032 1139 1061 Sat.
1159 1034 1185 1061 1.
1202 1044 1231 1063 v.
1250 1032 1318 1064 106.

1231 1075 1300 1105 Nec
1313 1076 1473 1106 demersum
1487 1075 1569 1114 sapit
1586 1085 1724 1115 unguem.

978 1116 1090 1147 Horat.
1105 1118 1158 1148 lib.
1178 1120 1206 1148 1.
1225 1121 1289 1149 Sat.
1312 1121 1359 1149 10.

1285 1161 1371 1191 ἴθυσε
1386 1164 1408 1199 {r
1422 1162 1538 1191 roderet
1552 1171 1677 1201 ungues.

1023 1202 1255 1243 Chaerestratus]
1281 1205 1416 1235 Juvenis
1432 1213 1551 1234 amator
1567 1204 1727 1243 Chrysidis
1742 1213 1807 1234 me-

979 1247 1143 1285 retriculae,
1158 1247 1243 1286 apud
1259 1247 1489 1285 Menandrum,
1504 1252 1540 1277 ut
1555 1247 1633 1277 dixi.

1023 1291 1095 1320 163.
1117 1290 1172 1320 Ait
1188 1291 1263 1329 hcec]
1287 1291 1338 1321 Ad
1356 1291 1485 1320 Davum
1503 1290 1621 1329 nempe
1636 1290 1736 1321 fidum
1752 1290 1810 1320 sibi

977 1331 1150 1363 famulum.
1694 1334 1699 1337 χ

1021 1376 1072 1404 An
1081 1376 1169 1406 siccis
1184 1376 1308 1406 dedecus
1322 1377 1429 1406 obstem
1446 1376 1583 1416 cognatis
1595 1374 1628 1416 ἒ]
1651 1376 1705 1406 An
1719 1375 1811 1406 soedis

979 1427 1040 1456 ego
1054 1420 1214 1449 amoribus
1231 1429 1314 1457 eam,
1338 1426 1374 1449 ut
1395 1419 1481 1457 ante,
1508 1419 1667 1458 perditum
1691 1419 1811 1449 bonam

979 1461 1098 1492 famam
1123 1464 1226 1502 gentis
1250 1472 1343 1500 meae,
1370 1463 1402 1492 in
1426 1472 1502 1500 qua,
1527 1469 1637 1500 praeter
1659 1471 1713 1492 me
1736 1466 1814 1492 sunt

980 1514 1092 1534 omnes
1107 1506 1246 1543 honesti,
1259 1506 1348 1542 casti,
1364 1505 1477 1535 sobrii?

1023 1547 1131 1586 Siccis]
1154 1548 1256 1578 Siccus
1280 1555 1513 1587 temperantem
1538 1548 1654 1586 virum,
1669 1547 1813 1578 madidus

980 1589 1140 1621 ebriosum
1155 1601 1190 1621 ac
1204 1591 1406 1621 vinolentum
1420 1591 1503 1630 saepe
1518 1591 1643 1621 iudicat.

982 1632 1083 1663 Plaut.
1104 1642 1280 1673 utrumque
1294 1634 1382 1672 ponit
1397 1634 1521 1664 Asinar.
1537 1635 1630 1664 Scen.
1649 1636 1697 1665 14.

1024 1676 1095 1716 Ego
1105 1681 1219 1715 prater
1231 1677 1309 1706 alias
1323 1677 1419 1706 virum
1433 1676 1591 1714 menmfui
1603 1681 1674 1707 rata

1023 1719 1267 1761 Siccum‚frugi,
1281 1720 1492 1750 continentem.

982 1761 1025 1791 Et
1041 1763 1138 1799 paulo
1155 1764 1225 1800 post
1239 1775 1246 1792 :

1022 1804 1104 1834 Scito
1121 1805 1206 1835 illum
1224 1807 1389 1844 madidum,
1402 1805 1501 1842 nihili,
1514 1806 1759 1836 incontinentem.

982 1848 1136 1878 Horatius
1151 1850 1203 1880 lib.
1222 1852 1248 1879 1.
1260 1850 1360 1888 Epist.
1377 1850 1426 1879 19.
1471 1849 1553 1879 Item
1567 1850 1621 1879 lib.
1637 1851 1667 1879 1.
1684 1850 1746 1879 Od.
1764 1849 1815 1880 18.

982 1891 1071 1921 siccis
1086 1894 1206 1931 posuit,
1220 1903 1289 1931 pro,
1303 1892 1411 1922 sobriis
1426 1892 1592 1932 &jejunis

983 1934 1109 1964 Tullius
1126 1935 1241 1974 pariter
1262 1935 1414 1964 horridam
1430 1938 1451 1973 ‹3-
1466 1935 1585 1964 aridam
1606 1939 1698 1964 vocat
1718 1935 1815 1965 vitam

982 1977 1125 2007 hominis
1139 1978 1290 2017 frugalis3
1314 1987 1371 2016 pro
1387 1977 1536 2015 Quintio,
1554 1987 1644 2007 num.
1660 1978 1710 2008 93.
1733 1978 1815 2008 Item

984 2020 1076 2050 Sexti
1102 2020 1206 2051 Roscii
1233 2021 1378 2052 Amerini
1405 2021 1518 2059 probat
1539 2021 1769 2058 innocentiam,
1799 2020 1817 2051 ὲ

982 2063 1064 2092 victu
1079 2064 1176 2093 arido.
1192 2074 1225 2094 n.
1241 2066 1289 2094 75.

1030 2104 1100 2135 164.
1138 2106 1213 2135 Rem
1234 2106 1372 2145 patriam
1387 2106 1558 2147 frangam]
1586 2105 1819 2137 Patrimonium

983 2148 1157 2187 dilapidem
1183 2150 1212 2179 ἃ.
1229 2149 1397 2180 effundam
1419 2151 1453 2180 in
1474 2150 1665 2180 meretricios
1686 2159 1818 2180 amores.

985 2191 1082 2224 Quod
1097 2197 1260 2230 expatrare
1271 2192 1428 2222 vocabulo
1444 2192 1517 2223 sane
1531 2192 1820 2232 significantissimo

985 2241 1078 2264 vocat
1094 2234 1240 2266 Catullus
1256 2235 1419 2276 Epigram.
1434 2237 1486 2265 30.
1504 2236 1537 2264 in
1554 2237 1723 2265 Caesarem.

1379 2278 1429 2307 An
1442 2278 1503 2308 lzoec
1515 2278 1638 2307 sinistra
1653 2278 1822 2309 liberalitas

1029 2320 1143 2351 Parum
1159 2321 1352 2360 expatravit?
1377 2321 1427 2350 An
1440 2331 1549 2360 parum
1565 2321 1712 2350 helluatus
1725 2330 1756 2351 es
1768 2320 1784 2350 ἓ

1029 2363 1167 2393 Paterna
1178 2365 1308 2404 primum
1321 2363 1482 2394 lancinata
1497 2367 1567 2393 sunt
1584 2364 1673 2401 bona,
1689 2364 1749 2393 stc.

987 2406 1101 2436 Horat.
1119 2408 1174 2437 lib.
1190 2410 1217 2437 1.
1235 2408 1301 2437 Sat.
1317 2408 1348 2436 2.

1243 2449 1359 2479 Bonam
1371 2449 1532 2488 deperdere
1537 2448 1676 2487 samam,

1029 2491 1105 2522 Rem
1116 2493 1219 2532 patris
1233 2493 1376 2522 oblimare
1391 2493 1501 2522 malum
1517 2495 1572 2529 cst,
1589 2492 1648 2521 &c-

1031 2535 1162 2566 Rumore
1176 2536 1315 2575 sinistro]
1337 2535 1404 2569 Qui
1416 2537 1484 2573 jam
1498 2534 1538 2564 de
1552 2544 1604 2563 me
1619 2534 1777 2574 spargitur
1793 2535 1820 2566 ἃ

989 2580 1092 2608 volat:
1117 2589 1318 2618 quanquam,
1334 2586 1371 2609 ut
1385 2579 1483 2608 habet
1497 2577 1642 2614 Ovidius,

1035 2622 1141 2661 Turpis
1157 2633 1239 2652 mmor
1250 2622 1349 2651 surdis
1364 2621 1486 2651 auribus
1500 2629 1561 2649 esse
1576 2619 1660 2650 solet.

1035 2666 1105 2695 165.
1129 2664 1236 2694 Limen
1262 2666 1304 2694 ad
1331 2665 1416 2694 obsco
1427 2663 1511 2701 num]
1545 2662 1635 2692 Ante
1659 2662 1750 2701 fores,
1773 2664 1824 2694 vel

989 2708 1024 2738 in
1050 2709 1146 2738 domo
1177 2710 1311 2747 impurae
1342 2709 1370 2736 δε
1401 2706 1562 2745 flagitiosze
1597 2706 1750 2744 mulieris,
1784 2706 1825 2736 ad

990 2760 1090 2790 quam
1116 2752 1204 2780 velut
1230 2751 1267 2780 ad
1294 2750 1461 2789 scopulum
1487 2748 1612 2787 frangor
1641 2750 1669 2778 δε
1698 2749 1823 2788 illidor3

992 2796 1019 2823 &
1052 2803 1124 2823 mea
1151 2804 1283 2824 mecum
1305 2792 1524 2832 deperduntur
1552 2792 1649 2829 bona,
1672 2792 1824 2830 fortunae,

989 2836 1089 2874 fama,
1108 2839 1166 2867 &m

1036 2879 1230 2918 Obscoenum]
1250 2880 1328 2910 Vox
1344 2879 1361 2907 a
1375 2888 1459 2908 corno
1474 2877 1569 2915 facta,
1591 2882 1628 2906 ut
1643 2877 1758 2907 volunt
1772 2876 1826 2906 ali-

993 2923 1067 2961 qui:
1091 2929 1123 2952 at
1139 2923 1236 2953 Varro
1252 2923 1269 2951 ὲ
1284 2931 1397 2956 scena,·
1428 2922 1482 2950 ubi
1507 2921 1612 2959 turpia
1634 2920 1755 2958 quaevis
1780 2919 1825 2948 di-

993 2973 1122 3003 cuntur,
1139 2967 1231 2996 trahit
1248 2965 1421 3004 originem:
1446 2965 1499 2994 alii
1523 2964 1561 2993 ab
1589 2963 1677 2992 Oscis
1699 2961 1827 3000 populis

993 3007 1092 3037 ltaliae
1110 3009 1143 3038 in
1161 3008 1353 3049 Campania,
1369 3008 1455 3046 turpi
1478 3007 1610 3037 libidine
1634 3007 1661 3035 Sc
1678 3004 1827 3044 spurcitia

993 3050 1131 3081 famosis.
