1948 3281
703 74 891 117 PERSII
925 72 1141 116 SATIRA
1173 73 1209 114 1.

97 160 246 208 innata
266 173 342 218 est,
364 173 483 221 rupto
498 164 637 220 jecore
659 165 798 208 exierit
821 164 1031 220 caprificus
1051 165 1064 205 ?

674 224 712 265 O
737 238 869 264 mores
893 223 899 264 Ε
937 223 1084 277 Usque
1104 221 1258 262 adeone

96 280 208 323 Scire
232 292 347 322 tuum
372 281 472 322 nihil
497 292 571 333 cst,
596 281 673 322 nisi
697 291 734 322 te
758 281 857 322 scire
880 281 958 321 hoc
983 280 1083 320 sciat
1103 280 1229 320 alter?

100 225 166 265 En
189 223 330 278 pallor,
355 224 612 278 seniumque.

1729 80 1808 127 271

1236 165 1287 204 25
1303 165 1546 205 sffvestrisfimcs,
1571 178 1636 207 ‹721ae
1651 169 1818 210 aliquando

1304 212 1371 238 ortu
1399 213 1444 238 est
1466 210 1574 240 intra-⁷
1599 213 1680 242 Fece
1709 217 1817 247 vultus

1300 251 1450 290 pallidus,
1461 256 1483 290 «3-
1495 264 1644 284 senectae.
1690 258 1717 283 0
1729 259 1816 289 indo-

1304 296 1359 323 lem
1378 305 1505 333 pravam
1524 296 1529 324 ἔ
1557 296 1645 327 Itane
1668 302 1735 329 iero
1757 302 1818 331 sci-

98 338 157 380 At
176 339 392 392 pulchrum
410 339 623 395 cst,digito
638 338 872 388 monstrari,
893 339 929 379 &
945 337 1088 378 dicier:
1115 337 1386 379 Hicest.e²1⁸i<1
1411 343 1463 367 [Μ’
1490 339 1566 368 nihil
1595 346 1654 378 θεῖ,
1683 343 1741 372 nisi
1764 345 1820 375 alii

98 395 202 437 Teu’
227 397 463 436 cirratorum
489 407 654 438 centum
680 397 828 438 dictata
850 396 990 446 fuisse,

97 454 174 494 Pro
199 452 327 494 nihilo
351 454 531 508 pendas?
566 456 676 495 Ecce
694 454 796 494 inter
819 452 965 508 pocula
985 460 1176 508 quaerunt

96 511 332 552 Romulidae
350 511 489 562 saturi,
513 511 611 568 quid
635 513 701 553 dia
723 515 914 565 poemata
934 519 1110 551 narrent.

1304 381 1444 410 noi-erint
1463 385 1491 410 te
1511 392 1572 411 esse
1594 384 1721 414 scientia
1739 397 1819 424 prte-

1238 455 1245 467 ι
1305 423 1428 453 clitum!
1452 424 1495 453 At
1507 425 1690 463 praeclarum
1713 433 1757 457 est
1772 431 1817 461 di-

1234 453 1291 494 30
1299 467 1368 506 gito
1382 468 1511 504 osffenai,
1528 470 1550 506 (5-
1574 469 1655 498 dici:
1680 470 1743 500 Ille
1759 478 1815 504 est.

1302 509 1352 538 An
1374 510 1464 548 parisi
1488 512 1732 550 ae.s·timesficisse
1754 518 1820 546 tra-

1303 553 1366 582 dita
1379 557 1496 582 centum
1512 564 1684 591 puerorum
1702 557 1819 588 cincin-

95 568 180 609 Hic
195 568 358 624 aliquis,
371 569 436 610 cui
455 570 609 610 circum
626 571 817 610 humeros
828 567 1286 623 hyacinthinalaenaest‚
1302 595 1468 625 natorum!
1491 596 1541 626 En
1559 597 1637 627 inter
1649 599 1761 630 calices
1773 603 1820 632 in-

96 626 373 667 Rancidulum
397 627 593 682 quiddam
616 626 733 667 balba
754 626 802 667 de
825 640 917 666 nare
939 625 1130 676 locutus;
1189 681 1197 688 ·

97 683 319 738 Phyllidas,
347 685 598 740 Hypsipilas,
623 686 775 725 Vatum
799 683 839 724 Sc
860 682 1051 738 plorabile
1074 682 1106 723 si
1129 682 1227 738 quid

94 740 259 796 Eliquat
281 759 290 792 ;
333 742 372 783 δι
394 752 529 782 tenero
553 742 784 796 supplantat
807 740 924 781 verba
947 740 1078 795 palato
1099 755 1108 780 ε

1300 639 1423 675 quirunt
1436 639 1566 670 Romani
1581 642 1686 680 epulis
1697 645 1819 685 satiati,

1299 682 1373 719 quid
1393 681 1497 712 divina
1519 686 1655 713 carmina
1679 689 1818 718 contine-

1229 742 1279 781 3,-
1297 728 1363 753 ant.
1406 724 1481 755 Illic
1506 726 1639 766 quidam,
1662 730 1713 758 cui
1733 730 1818 762 circa

1296 767 1438 805 scapulas
1448 772 1492 797 est
1507 773 1626 809 tegmen
1639 772 1750 802 coloris
1762 773 1817 813 hy-

94 809 256 848 acinthini,
271 810 402 840 recitans
414 810 716 850 aliquidsoetidulum
728 811 764 840 de
776 820 848 839 naso
864 809 1045 839 balbutienti
1056 820 1070 844 ;
1091 809 1118 837 si
1132 809 1232 838 veluti
1245 811 1515 849 guttatimjundit
1532 822 1656 845 amores
1667 814 1819 857 Phyllidis

93 856 117 892 εἷς
133 854 312 894 Hypsipilae,
329 855 351 893 ‹5-
367 854 454 884 triste
467 853 586 892 aliquid
600 853 789 889 Poetarunu
811 854 836 883 si
852 852 997 882 vocabula
1013 852 1106 882 eliam
1122 852 1229 891 dejicit
1243 852 1352 891 pala-to
1367 853 1472 884 molli.-

103 1040 120 1048 ’
136 1053 186 1084 25.
210 1052 331 1090 Jecore'l
355 1053 433 1084 Poni
449 1054 575 1084 videtur
597 1063 653 1092 pro
677 1053 782 1093 corde,
805 1054 838 1084 in
863 1063 930 1094 quo

89 1095 267 1128 affectuum
282 1098 390 1127 sedem
407 1098 522 1136 vulgus
539 1098 681 1127 collocat.

135 1138 319 1179 Caprrficus]
344 1140 565 1179 Metaphorice
583 1140 728 1180 designat
751 1141 855 1181 gloriae
873 1150 929 1171 cu-

92 1182 271 1222 piditatem,
294 1185 321 1213 &
339 1184 443 1220 δρυὸς
469 1193 544 1213 nam
565 1184 653 1213 arbor
676 1184 728 1213 illa
752 1185 891 1223 erumpit
911 1185 929 1214 e

92 1226 190 1255 muris
206 1228 446 1265 quantumlibet
463 1227 558 1264 duris,
574 1227 680 1257 nullos
695 1227 777 1266 parit
792 1227 925 1267 fructus,

91 1267 143 1296 sed
162 1270 287 1300 tantum
304 1271 436 1309 calyces,

133 1312 186 1340 26.
207 1312 261 1342 En
285 1315 398 1352 pallor,
425 1313 610 1351 seniumque]
646 1313 698 1343 En
724 1314 811 1353 signa
833 1315 929 1344 studii

90 1355 189 1384 nostri
216 1356 399 1394 pertinaciS,
434 1363 615 1394 nostraeque
643 1356 722 1385 adeo
764 1357 927 1394 profuudae

90 1396 287 1428 eruditionis.
332 1398 414 1431 Quae
431 1400 524 1429 verba
540 1399 722 1428 attribuunt
738 1400 837 1438 aliqui
853 1399 927 1430 Per-

88 1439 135 1469 sio
150 1439 323 1472 Poetastros
339 1442 479 1471 irridenti
494 1454 500 1471 :
527 1442 639 1472 melius
656 1448 766 1472 tamen
780 1443 928 1474 videntur

85 1482 253 1523 jungenda
265 1494 341 1515 cum
361 1485 626 1523 praecedendbm,
650 1490 686 1514 ut
701 1487 810 1525 postea
823 1488 926 1517 Satiri-

89 1534 147 1554 eus
162 1527 324 1557 exclamet
338 1538 346 1565 3
371 1527 388 1556 ὃ
402 1529 523 1557 mores!

135 1567 235 1608 Usque
247 1571 359 1600 adeone
372 1571 449 1601 scire
465 1575 559 1609 tuum,
576 1572 642 1610 650]
669 1572 794 1612 Ergone
808 1583 925 1604 vanam

87 1611 219 1650 gloriam
231 1613 320 1643 velut
332 1614 486 1644 ultimum
494 1614 591 1644 finem
603 1615 780 1646 studiorum
792 1622 924 1648 tuorum

87 1655 276 1685 constituis?
303 1656 343 1686 D.
360 1657 499 1696 August.
525 1657 669 1696 Epistola
693 1658 742 1688 56.
793 1660 924 1690 Diosco-

88 1706 159 1727 rum
175 1698 264 1738 vulgi
274 1699 381 1729 laudes
391 1706 568 1730 sectantem
584 1701 763 1741 perstringit
777 1702 923 1733 Persiano

86 1739 148 1769 hoc
164 1741 251 1771 loco:
279 1741 373 1780 Tunc,
389 1742 406 1770 ὃ
421 1741 579 1779 Dioscore,
605 1754 659 1773 nec
678 1744 816 1774 Persium
839 1749 924 1775 tuum

71 1783 206 1821 respicit
229 1788 367 1815 contorto
388 1786 533 1815 versiculo
556 1786 612 1815 tibi
625 1786 837 1826 insultantem,
863 1790 922 1820 ἃς.

85 1824 148 1854 Ubi
162 1827 261 1857 Persia
268 1837 342 1858 nam
357 1830 549 1859 sententiam
567 1828 658 1859 affert
674 1831 702 1859 ἂ
717 1831 851 1870 graviter
867 1841 922 1861 ex-

86 1868 194 1905 plicat.
238 1870 331 1901 Porro
355 1871 478 1901 Persius
502 1872 555 1901 hic
583 1872 727 1903 imitatus
756 1880 802 1903 est
828 1874 923 1904 Luci-

84 1908 181 1950 lium,
200 1914 293 1950 cujus
315 1922 503 1952 corruptum
527 1916 642 1953 passim
666 1916 774 1946 locum
800 1917 923 1956 optime

83 1954 209 1985 videtur
224 1957 393 1987 restituisse
408 1957 581 1995 Marcilius,
597 1959 640 1987 sic
656 1970 663 1986 :

652 2001 694 2031 Id
707 2011 754 2031 me

124 2040 205 2071 Nolo
219 2043 295 2072 scire
307 2043 379 2073 mihi
392 2044 481 2082 cujus
493 2054 557 2074 sum
572 2045 702 2074 consciu'
716 2047 806 2084 solus,

124 2082 175 2113 Ne
189 2085 330 2115 damnum
342 2086 476 2123 faciam.
520 2087 603 2117 Scire
617 2091 662 2118 est
675 2089 788 2119 nescire
806 2088 868 2118 nisi
888 2091 922 2119 id

209 2137 255 2157 me

123 2169 208 2199 Scire
221 2171 301 2201 alius
314 2172 428 2202 scierit.

125 2213 177 2242 28.
200 2214 245 2243 At
259 2213 426 2244 Pulchrum
443 2219 498 2253 est,
520 2217 584 2256 εμπ]
607 2217 761 2257 Prolepsis
787 2223 834 2249 est
858 2221 917 2251 iro-

81 2255 163 2286 nica.
207 2257 445 2288 Demosthenes
468 2260 613 2290 noscitari
635 2270 668 2289 se
690 2261 707 2289 a
722 2262 918 2293 mulierculis

81 2300 111 2327 ἅ·
140 2298 237 2338 digito
274 2301 442 2331 monstrari
478 2302 656 2333 laetabatur.
700 2304 789 2334 Tull.
819 2304 918 2337 Tusc.

79 2339 200 2375 Quaest.
219 2345 249 2372 5.
413 2364 415 2366 -

122 2385 174 2416 29.
214 2385 286 2417 Ten'
309 2387 504 2426 cirratorum,
533 2387 601 2430 {nn}
639 2388 675 2418 Id
703 2395 761 2427 est,
788 2391 918 2428 parvine

79 2428 214 2458 aestimes
226 2432 367 2460 carmina
382 2432 518 2468 alicujus
543 2433 645 2463 Poetae
670 2442 738 2462 esse
759 2433 875 2464 dictata
900 2436 918 2465 a

77 2469 303 2511 ludimagistris
319 2474 352 2503 in
368 2474 495 2512 scholis,
519 2478 557 2505 ut
578 2486 616 2506 ea
630 2476 779 2514 discipuli
794 2486 916 2507 memo-

76 2513 151 2543 riter
165 2514 299 2547 discant.
345 2516 432 2547 Nero
443 2527 517 2547 suos
532 2528 638 2549 versus
654 2528 709 2556 per
719 2519 841 2549 scholas
852 2521 916 2550 dic-

78 2557 137 2585 tari
153 2557 320 2596 imperasse
335 2561 451 2590 aiunt:
477 2561 565 2599 quod
587 2563 615 2591 ὅ(
639 2561 692 2591 alii
715 2562 802 2592 velut
823 2563 915 2593 deco-

78 2606 151 2628 rum
174 2600 233 2632 sibi
254 2603 454 2634 affectarunt.
500 2603 660 2634 Eusebius
685 2604 740 2635 lib.
756 2605 785 2634 9.
812 2613 915 2637 narrat

76 2639 267 2675 Maximum
291 2647 520 2686 Imperatorem
547 2647 672 2677 libellos
695 2648 850 2685 quosdam
879 2650 913 2680 in

79 2683 199 2714 Christi
214 2687 401 2720 derisionem
417 2689 567 2720 confictos
583 2691 716 2720 nomine
739 2690 833 2721 Pilati
858 2702 912 2730 per

74 2724 168 2757 ludos
183 2729 376 2762 circumferri
390 2733 521 2773 legique
536 2734 732 2772 praecepisse.
777 2734 820 2763 D.
832 2734 912 2765 Hie-

76 2778 146 2799 ron.
162 2771 251 2802 hunc
266 2774 363 2804 Persii
371 2776 494 2811 locum,
509 2783 545 2806 ut
558 2778 587 2806 δε
601 2776 678 2805 alios
690 2777 785 2815 saepe,
798 2777 845 2806 bis
854 2785 913 2809 aut

76 2817 123 2841 ter
138 2823 284 2854 usurpat,
299 2817 444 2848 adversus
460 2819 627 2849 Ruffinum
644 2819 702 2856 bis,
719 2820 747 2848 ἃ
763 2819 799 2849 in
820 2821 910 2861 Apo-

73 2853 171 2894 loget.
184 2858 224 2887 ad
240 2858 471 2892 Domnionem.

119 2897 323 2940 cirratorum]
346 2902 380 2932 Id
394 2911 452 2941 est,
464 2905 807 2943 nobiliumjuvenum,
831 2915 909 2945 quo-

75 2950 147 2971 rum
163 2943 267 2974 cirrati
280 2945 384 2975 solent
396 2955 462 2976 esse
477 2949 595 2987 capilli,
610 2949 640 2977 id
654 2955 712 2985 est,
725 2948 911 2988 cincinnati,

74 2985 160 3014 torti.

116 3028 168 3058 80.
191 3028 274 3060 Ecce
288 3031 369 3061 inter
378 3033 504 3071 pocula]
527 3033 712 3074 Respondet
728 3034 863 3072 Persius,
881 3036 910 3064 δι’

72 3068 166 3101 docet
179 3071 271 3103 flocci
285 3073 444 3109 faciendas
457 3085 524 3107 esse
539 3087 590 3108 eas
606 3077 729 3117 laudes,
745 3087 816 3117 quae
834 3077 910 3108 ‹lan-

972 1054 1025 1082 tur
1040 1052 1122 1083 inter
1135 1053 1260 1093 pocula.
1305 1052 1403 1088 Quod
1418 1055 1512 1085 antea
1529 1055 1681 1088 Horatius
1697 1056 1813 1094 fecerat

972 1096 1028 1125 lib.
1041 1098 1071 1126 2.
1089 1098 1156 1126 Sat.
1170 1099 1201 1127 2.

1016 1139 1136 1169 Discite
1149 1150 1207 1169 non
1221 1139 1301 1169 inter
1315 1142 1416 1171 lances
1429 1151 1493 1171 men
1500 1152 1604 1181 sasque
1618 1144 1760 1184 nitentes,

1019 1182 1093 1211 Cum
1107 1187 1208 1221 stupet
1224 1184 1340 1213 insanis
1355 1185 1631 1225 aciesfitlgorirlus‚
1647 1189 1670 1225 ‹3-
1685 1188 1751 1217 cum

1015 1225 1256 1263 Ace-livisfalsis
1269 1228 1370 1256 animu
1380 1238 1388 1255 r
1399 1227 1524 1257 meliora
1541 1235 1671 1259 recusat.
1848 1266 1852 1267 .

975 1268 1047 1297 Mos
1060 1274 1125 1298 erat
1140 1269 1259 1298 scilicet
1283 1271 1370 1309 apud
1394 1277 1513 1300 veteres
1529 1273 1562 1301 in
1587 1274 1740 1305 conviviis
1756 1277 1813 1307 ali,

973 1312 1052 1350 quid
1083 1321 1126 1340 ex
1156 1312 1330 1342 illustribus
1359 1313 1459 1343 Poetis
1489 1320 1589 1353 atque
1619 1317 1813 1351 Auctoribus

971 1353 1094 1392 afferre,
1121 1355 1206 1384 unde
1233 1354 1398 1385 fabulandi
1431 1357 1514 1386 inter
1542 1358 1651 1388 doctos
1686 1364 1810 1396 occasio

972 1398 1174 1436 praeberetur.
1221 1398 1306 1427 Vide
1323 1399 1522 1429 Athenaeum
1541 1402 1668 1439 passim.

1014 1442 1066 1471 81.
1089 1440 1259 1470 Romulidae
1274 1441 1388 1482 saturi]
1417 1442 1603 1474 Romulidas
1630 1450 1722 1477 vocat
1751 1449 1812 1480 iro·

972 1484 1056 1522 nice,
1084 1485 1174 1522 quasi
1211 1484 1349 1514 Romulo
1385 1486 1475 1515 valde
1509 1487 1674 1519 absimiles.
1722 1490 1810 1525 Gen.

969 1526 1023 1556 lib.
1044 1530 1093 1557 11.
1107 1536 1175 1566 cap.
1194 1529 1243 1557 14.
1266 1528 1360 1557 refert
1376 1528 1551 1559 Romulum
1568 1531 1607 1560 ad
1628 1532 1739 1570 epulas
1756 1545 1812 1565 vo-

969 1575 1079 1600 catum
1112 1580 1180 1600 non
1214 1571 1359 1600 multum
1392 1571 1519 1608 bibisse,
1554 1574 1629 1612 quia
1659 1577 1812 1613 postridie

968 1613 1065 1643 mane
1089 1614 1257 1654 negotium
1285 1614 1428 1645 haberet.
1473 1615 1557 1644 Vide
1572 1616 1726 1648 Juvenal.
1743 1621 1811 1652 Sat.

969 1656 1000 1685 6.
1022 1666 1053 1685 v.
1069 1658 1143 1687 433.
1159 1658 1187 1686 dc
1203 1666 1267 1695 seq.
1295 1658 1352 1686 ubi
1380 1659 1408 1687 ἃ·
1434 1658 1584 1688 mulieres
1606 1660 1639 1689 in
1663 1663 1812 1694 convivio

963 1699 1127 1735 judicium
1156 1700 1293 1730 ferentes
1317 1700 1357 1730 de
1381 1701 1517 1741 Virgilio
1544 1702 1678 1743 aliisque
1707 1705 1811 1740 Poetis

968 1744 1120 1782 coarguit.

1010 1786 1064 1814 32.
1077 1785 1304 1826 Hycfcz‘ntlzina]
1316 1787 1420 1817 Vestis
1434 1787 1570 1826 pretiosa
1583 1794 1674 1820 notat
1687 1801 1808 1830 quem·

967 1828 1055 1866 piam
1079 1830 1221 1859 nobilem
1248 1839 1283 1859 ac
1306 1830 1492 1860 delicatum.
1535 1831 1588 1861 De
1605 1842 1715 1865 cruore
1731 1836 1806 1875 hya-

969 1872 1069 1900 cinthi
1094 1872 1127 1901 in
1149 1872 1260 1902 florem
1277 1883 1478 1911 purpureum
1495 1883 1596 1912 verSO,
1619 1875 1716 1906 Ovid.
1732 1879 1807 1909 Me.

967 1915 1128 1954 tamorph.
1154 1915 1209 1945 lib.
1240 1916 1289 1945 10.
1314 1916 1389 1945 Fab.
1408 1918 1437 1947 5.
1484 1915 1616 1955 Legunt
1637 1919 1703 1957 alii,
1730 1921 1809 1951 Ian..

968 1956 1054 1986 thina
1064 1968 1073 1985 .·
1098 1959 1258 1997 vestisque
1274 1959 1333 1988 erit
1344 1959 1477 1988 violacei
1486 1960 1609 1995 coloris,
1625 1969 1684 1991 nec
1697 1964 1805 1996 minsis

965 2001 1142 2037 splendida.
1182 2001 1333 2031 Graecum
1349 2008 1396 2031 est
1412 2011 1532 2032 nomen
1546 2003 1585 2032 ab
1598 2002 1638 2033 ἲον
1649 2004 1728 2037 viola
1740 2018 1750 2034 :
1775 2009 1805 2039 ὃς

967 2041 1124 2078 &reug-flos.
1150 2045 1282 2074 Perinde
1297 2052 1351 2075 est.

1007 2085 1119 2126 Loena]
1142 2088 1179 2117 ln
1194 2087 1328 2118 Tuscul.
1345 2093 1477 2128 tegmen
1493 2093 1622 2119 vocatur
1638 2090 1656 2121 ὲ
1670 2090 1803 2123 Tullio:

963 2137 1077 2169 estque
1105 2133 1199 2160 vestis
1227 2131 1432 2169 accubitoria,
1461 2132 1554 2169 cujus
1585 2133 1618 2162 in
1650 2135 1806 2167 conviviis

965 2181 1041 2203 usus
1057 2180 1134 2212 erat,
1151 2175 1179 2203 Sc
1196 2175 1291 2212 supra
1303 2180 1426 2204 vestem
1443 2175 1548 2204 albam
1563 2175 1767 2208 induebatur.

1002 2218 1058 2246 65.
1079 2215 1300 2258 Rancidulum]
1322 2217 1469 2257 Metaph.
1486 2219 1504 2247 a
1521 2220 1666 2249 carnibus
1681 2221 1721 2249 ad
1737 2231 1804 2251 cor-

962 2261 1148 2299 ruptionem
1164 2260 1383 2300 vergentibus:
1409 2261 1463 2291 hic
1477 2261 1610 2292 denotat
1620 2262 1742 2302 aliquid
1754 2265 1802 2295 in-

962 2303 1097 2333 sulsum.

1004 2346 1105 2376 Balbzi
1120 2347 1157 2376 de
1172 2347 1261 2386 nare]
1284 2347 1402 2378 Durior
1418 2348 1517 2386 paulo
1531 2349 1600 2378 haec
1614 2350 1803 2388 metaphora

961 2391 1265 2426 pronunciationem
1291 2390 1525 2421 effoeminatam
1551 2392 1580 2420 Sc
1605 2392 1755 2424 eductam
1783 2393 1803 2425 ὲ

960 2433 1088 2463 naribus
1102 2443 1215 2463 vocem
1232 2434 1386 2472 exprimit
1400 2434 1681 2473 reprehenditque.

1003 2476 1055 2507 34.
1069 2475 1241 2515 Phyllidas,
1258 2476 1451 2515 Hypsepilas]
1476 2477 1536 2507 Hae
1551 2478 1702 2508 mulieres
1712 2488 1801 2510 amo-

959 2527 1024 2549 rem
1037 2529 1135 2549 suum
1148 2526 1374 2558 contemptum
1392 2519 1472 2559 aegre
1488 2519 1625 2550 ferentes
1640 2523 1734 2552 morti
1746 2532 1799 2553 oc·

957 2563 1155 2592 cubuerunt.
1200 2562 1286 2592 Vide
1303 2562 1401 2591 Ovid.
1419 2563 1522 2601 Epist.
1535 2563 1555 2592 2
1569 2564 1599 2592 ἃ
1616 2563 1648 2594 6.

1005 2604 1114 2635 Vatum
1130 2607 1152 2643 ᾀ-
1164 2603 1333 2645 plorabile]
1358 2605 1546 2644 Elegiacum
1568 2606 1721 2645 Carmen,
1744 2618 1798 2638 cu-

950 2647 1005 2684 jus
1034 2650 1252 2687 utplurimum
1289 2649 1419 2677 materia
1455 2649 1559 2680 tristis,
1618 2650 1732 2681 Horat.
1764 2653 1798 2682 in

954 2691 1034 2721 Arte
1051 2690 1137 2721 Ροὲῖ.

1003 2732 1141 2764 Versibus
1155 2734 1313 2773 impariter
1320 2735 1441 2773 junctis
1454 2735 1640 2774 querimonia
1650 2736 1799 2776 primum,

997 2776 1072 2806 Post
1084 2778 1174 2806 etiam
1188 2777 1308 2807 inclusa
1323 2782 1368 2807 est
1381 2778 1445 2807 voti
1456 2779 1610 2808 sententia
1624 2789 1752 2818 compos.

936 2854 938 2857 .
999 2821 1050 2850 85.
1083 2820 1230 2858 Eliquat]
1269 2819 1406 2859 Liquide
1437 2822 1537 2851 veluti
1577 2823 1605 2851 δε
1644 2823 1796 2862 guttatim

956 2862 1075 2900 fundit,
1092 2872 1171 2893 voce
1187 2861 1287 2901 lenta,
1311 2864 1415 2901 molli,
1436 2866 1464 2895 δε
1481 2864 1627 2895 affectata
1651 2874 1795 2904 pronun-

952 2913 1025 2935 ciat.

996 2948 1195 2987 Supplantat]
1217 2949 1326 2979 Verba
1341 2950 1492 2981 nondum
1509 2950 1605 2989 plane
1627 2948 1794 2980 efformata

953 2993 1042 3030 quasi
1058 2993 1282 3031 strangulatae
1296 2992 1405 3031 dejicit
1420 2993 1567 3023 mollitiei
1580 2993 1684 3022 causa.
1709 2993 1794 3032 Sup-

952 3035 1096 3073 plantare
1113 3036 1236 3076 proprie
1251 3042 1299 3068 est
1320 3037 1487 3076 supposito
1514 3035 1596 3075 pede
1622 3036 1655 3065 in
1679 3040 1793 3066 terram

953 3077 1099 3117 dejicere.
