1948 3281
620 95 957 139 JUVENALIS
989 92 1207 136 SATIRA
1235 91 1317 134 VI.

115 189 195 233 Cui
221 198 348 233 totam
370 187 532 230 tremuli
556 187 734 229 frontem
760 186 955 229 Caesonia
977 185 1076 241 pulli

114 248 287 289 Infutlit.
348 247 458 304 Quae
482 262 567 287 nou
592 246 726 297 faciet,
751 246 860 301 quod
887 241 1084 298 Principis
1107 242 1241 283 uxor?

107 306 320 347 Ardebant
343 313 507 354 cuncta,
533 304 571 345 &
594 304 720 345 fracta
742 317 939 359 compage
963 301 1146 351 ruebant,

108 363 210 404 Non
233 363 359 413 aliter,
384 362 511 417 quam
535 362 566 402 si
589 361 750 402 fecisset
771 362 883 402 Juno
909 358 1099 400 maritum

108 421 325 461 Insanum.
387 419 536 460 Minus
559 434 653 475 ergo
677 433 829 460 nocens
852 416 925 458 erit
944 413 1186 473 Agrippina:

106 477 278 518 Boletus
299 493 307 518 :
350 477 553 532 siquidem
576 477 698 518 unius
722 473 1108 532 praecordiapressit

104 534 180 575 Ille
203 534 326 587 senis,
351 535 657 590 tremulumque
680 542 802 589 caput
823 532 1066 574 descendere
1081 528 1208 586 jussit

104 592 156 633 In
181 593 352 643 coelum,
379 593 418 633 fx
439 592 564 648 longa
585 591 792 634 manantia
812 590 921 633 labra
942 587 1084 630 saliva.

1757 90 1835 131 119

1219 183 1300 224 615
1316 181 1367 211 cui
1383 179 1520 211 Caesonz'a
1544 179 1671 220 ingessit
1688 182 1830 217 frontem

1315 224 1467 264 integram
1478 222 1560 261 pulli
1573 225 1735 253 trementis.
1754 224 1828 257 Quae

1318 269 1434 297 mulier
1459 276 1518 296 non
1544 269 1616 304 aget
1642 266 1724 295 idem
1749 268 1829 304 quod

1315 310 1513 349 Imperatoris
1536 309 1647 348 conjuv
1659 308 1673 337 3³
1691 309 1826 347 'flagra-

1316 354 1388 382 bant
1406 353 1517 387 onmia,
1534 355 1555 390 ‘S'
1579 356 1669 390 rupta
1688 353 1824 380 commis-

1314 397 1386 426 sunt
1402 396 1598 425 conc-ideam!
1612 406 1623 429 ,·
1646 394 1730 423 haud
1743 394 1827 423 serus

1314 450 1351 469 ac
1365 441 1392 470 εἰ
1412 440 1495 470 Juuo
1520 440 1678 478 conjugem
1708 438 1827 466 demen-

1215 471 1372 512 6202em
1395 483 1585 512 reddidisset.
1630 481 1741 510 Mina„-
1766 480 1827 509 itu-

1312 536 1368 564 que
1381 528 1545 556 sceleratus
1559 527 1625 554 erat
1649 524 1829 563 Agrippinae

1300 569 1436 611 jungus.
1481 569 1514 600 Is
1530 569 1608 598 enim
1628 569 1718 597 unius
1734 568 1819 596 vetul

1311 613 1426 643 riscera
1463 612 1623 651 oppressit,
1657 614 1749 649 atque
1784 610 1827 639 ad

104 650 213 691 Haec
236 650 370 705 poscit
390 650 541 691 ferrum
566 660 687 705 atque
708 649 840 705 igneS,
872 649 961 689 haec
987 645 1098 700 potio
1119 653 1297 700 torquet.
1313 656 1429 686 cadum
1459 654 1667 692 deducifecit
1693 653 1827 682 titubans

104 708 213 749 Haec
235 708 381 748 lacerat
404 707 548 748 mistos
571 716 758 763 equitum
783 719 879 746 cum
903 718 1102 759 sanguine
1125 703 1239 743 Patre

101 764 226 806 Tanti
244 775 378 821 partus
393 780 526 820 equae,
547 764 689 820 quanti
706 778 787 804 una
801 762 981 803 venefica
994 769 1170 802 constat.
1213 760 1293 800 625

103 822 292 864 Oderunt
314 832 428 864 natos
452 823 500 863 de
523 822 664 876 pellice
683 837 693 861 ι
728 834 852 861 nemo
875 828 1088 875 repugnet,

444 880 621 935 Jamjam
647 878 877 934 privignum
903 877 1087 917 occidere
1108 875 1168 916 fas
1191 883 1268 916 est.

101 938 190 978 Vos
212 952 302 993 ego,
328 937 487 993 pupilli,
512 952 678 987 moneo,
712 936 862 992 quibus
884 934 1058 989 amplior
1079 942 1140 974 est
1160 947 1239 984 res,

104 993 321 1035 Custodite
342 995 516 1046 animas,
542 995 581 1036 8τ,
604 993 704 1035 nulli
728 993 878 1034 credite
902 1005 1074 1034 mensae.

99 1050 248 1092 Livida
269 1061 452 1093 materno
474 1053 630 1094 fervent
653 1051 812 1106 adipata
833 1065 1006 1092 veneno.

101 1108 293 1150 Mordeat
316 1112 410 1151 ante
433 1110 580 1166 aliquis
602 1109 800 1166 quicquid
826 1106 1043 1164 porrexerit
1066 1106 1132 1148 illa

100 879 241 921 Nemo
264 889 382 921 vetet.

1243 717 1276 742 S·
1311 704 1402 737 caput
1430 702 1452 737 ξς
1476 699 1557 728 labia
1578 697 1743 733 defluentia
1769 705 1824 735 pe-

1310 742 1515 772 resnisasimi.
1549 740 1635 770 Illud
1649 746 1757 770 autem
1769 749 1826 778 po-

1310 787 1408 814 culum
1431 786 1511 824 petit
1527 785 1650 822 ⁸ferrum
1678 794 1715 813 ac
1733 782 1827 817 flam·

1309 837 1400 867 mam,
1417 829 1498 858 illud
1512 827 1640 867 cruciat,
1663 827 1744 856 illud
1760 826 1821 854 clis-

1309 872 1405 910 cerpit
1448 873 1609 902 Senatores
1656 870 1827 909 permixtos

1309 916 1443 952 equitum
1457 915 1564 945 cruori.
1598 914 1726 944 Tantum
1741 911 1826 942 valet

1309 958 1513 996 equoefoetu.c‚
1529 958 1674 996 quantum
1698 966 1759 985 una
1774 965 1822 984 sa-

1304 1001 1376 1039 ga!
1430 1002 1620 1031 Aversanrur
1651 999 1774 1039 genitos
1804 998 1821 1026 ἑ

1209 1045 1494 1092 63Οοοηοιιόἱηα.·
1534 1044 1636 1073 nullus
1666 1040 1822 1072 contradi-

1305 1092 1377 1117 cat.-
1401 1086 1683 1127 nullusprohiheat.
1723 1084 1822 1114 Mod&

1303 1130 1373 1160 licet
1390 1132 1565 1172 privignum
1580 1130 1756 1166 interlicere.
1792 1127 1822 1155 Ο

96 1178 206 1217 pupilli
217 1179 269 1217 qui
283 1180 413 1219 majores
427 1179 544 1210 habetis
558 1190 638 1219 opes,
649 1189 705 1219 ego
717 1179 799 1208 robis
811 1181 918 1207 auctor
931 1188 1008 1215 sum,
1024 1180 1142 1207 senate
1156 1177 1262 1215 vitam,
1277 1186 1372 1214 neque
1387 1176 1445 1206 ulli
1457 1186 1564 1205 mensae
1573 1174 1726 1213 confidite.
1759 1172 1808 1204 Lu

97 1222 164 1251 ricla
175 1222 307 1263 pinguia
321 1222 518 1261 effert-escunt
531 1223 637 1253 matris
648 1223 757 1253 toxico.

806 1220 960 1260 Quispiam
966 1221 1053 1259 prius
1064 1220 1199 1250 comedat
1215 1220 1420 1259 quodcumque
1431 1219 1571 1250 obtulerit
1585 1228 1622 1247 ea

141 1375 214 1405 615.
241 1374 383 1405 Frontem
402 1374 501 1415 pulli]
536 1375 774 1414 Hippomanes,
802 1373 843 1403 de
869 1383 936 1412 quo

102 1419 175 1448 ante
193 1429 221 1448 v.
244 1420 317 1449 1353.

147 1461 293 1500 Tremuh‘]
334 1462 457 1493 Recens
486 1462 555 1492 nati
593 1462 621 1491 δε
651 1461 765 1500 frigore
796 1466 936 1491 tremen-

98 1504 150 1533 tis.

143 1546 297 1586 Caesonia]
318 1548 428 1582 Quam
451 1558 561 1589 neque
575 1548 656 1578 facie
673 1547 802 1587 insigni,
826 1557 936 1587 neque

101 1595 193 1620 aetatc
211 1591 342 1630 integra,
362 1593 498 1632 jamque
514 1600 650 1622 matrem
665 1601 707 1620 ex
723 1591 798 1628 alio,
814 1592 841 1620 ἃ
859 1601 934 1630 pro-

93 1632 189 1669 jecta:
204 1634 335 1663 lascivia:
352 1645 487 1665 uxorem
502 1635 647 1674 Caligula
662 1634 781 1673 perdite
803 1635 935 1671 amavit,

97 1676 136 1704 ab
153 1686 204 1714 ea,
223 1683 257 1706 ut
271 1677 420 1716 creditur,
437 1679 636 1717 potionatus.
683 1677 777 1707 Hanc
802 1679 829 1706 δι
847 1678 934 1707 chla-

96 1719 208 1757 myde,
225 1719 376 1759 peltaque
389 1722 417 1750 &
431 1720 519 1760 galea
533 1726 693 1757 ornatam,
704 1720 842 1757 &juxta
858 1721 933 1750 ade-

97 1762 280 1799 quitantem
308 1764 463 1793 militibus
479 1764 663 1798 ostentavit,
689 1763 749 1792 ste.
793 1764 932 1794 Sueten.

99 1804 199 1844 Calig.
218 1815 286 1844 cap.
303 1807 355 1835 25.
370 1808 422 1836 33.
440 1808 490 1837 50.
729 1802 732 1804 v

139 1847 213 1878 616.
237 1848 377 1888 Insudit]
401 1850 438 1880 In
453 1850 597 1888 potione,
614 1858 671 1878 seu
688 1849 820 1887 philtro.

139 1890 212 1922 617.
236 1891 394 1921 Ardebant
410 1892 537 1930 cuncta]
559 1892 660 1926 Quasi
675 1891 811 1922 furentis
826 1891 932 1932 Impe-

97 1934 205 1963 ratoris
218 1934 292 1974 igne
307 1935 335 1963 c&
349 1934 454 1965 furore
467 1940 621 1974 correpta.

136 1976 253 2006 Fracta
265 1978 426 2018 compage]
443 1978 637 2018 metaphora
650 1979 688 2009 ab
703 1978 820 2008 aedium
835 1989 930 2010 ruen-

96 2019 178 2050 tium
195 2020 300 2060 lapsu,
315 2021 347 2050 id
361 2028 421 2060 est,
437 2022 546 2052 ordine
562 2023 760 2061 perturbate,
783 2022 932 2053 subversa

96 2063 230 2092 ratione.

139 2105 213 2135 518.
251 2104 350 2138 Quam
364 2107 392 2135 si
405 2108 487 2138 Juno
502 2108 656 2148 maritum,
684 2107 749 2147 ega]
788 2107 839 2138 Sic
863 2112 931 2138 tota

94 2146 289 2187 Respublica
312 2159 440 2188 pessum
465 2151 530 2181 ibat
557 2151 685 2182 furente
708 2152 871 2189 Principe,
894 2157 931 2181 nt

93 2195 185 2221 totus
201 2191 283 2222 orbis
300 2193 416 2230 periret
430 2200 550 2223 rectore
565 2194 744 2232 deficiente,
760 2195 787 2223 si
810 2195 826 2225 J
833 2204 927 2225 ovem

93 2234 244 2274 zelotypa
254 2234 346 2265 Juno
362 2245 418 2274 per
431 2237 534 2266 simile
546 2237 704 2276 philtrum
719 2237 758 2267 ad
772 2238 928 2268 insaniam

94 2277 217 2317 egisset.

136 2319 209 2351 619.
232 2320 341 2350 Minas
363 2332 434 2364 ergo
461 2322 582 2361 nocens]
605 2322 803 2363 Agrippina,
827 2323 927 2362 quam

92 2362 250 2402 Caesonia,
274 2374 411 2404 quarum
436 2367 538 2396 scelus
564 2373 728 2405 comparat
750 2366 804 2396 hic
826 2367 926 2397 Juve-

91 2407 182 2437 nalis.

131 2450 314 2491 Agrz'ppinae
332 2452 460 2491 boletus]
483 2452 678 2482 Venenatus
701 2453 835 2493 fungus,
861 2462 928 2492 quo

93 2492 197 2523 virum
219 2503 317 2524 suum
334 2495 509 2525 Claudium
537 2497 764 2534 imperatorem
785 2497 928 2526 sustulit.

90 2534 174 2565 Vide
187 2536 290 2566 Tacit.
303 2538 427 2568 Annal.
448 2540 496 2568 12.
512 2539 551 2568 ad
563 2538 674 2569 finem.
713 2539 756 2569 Et
772 2540 838 2570 Sat.
854 2540 883 2568 5.
899 2549 928 2569 v.

135 2621 210 2652 621.
248 2622 309 2652 Ille
324 2625 415 2662 senis,
441 2624 669 2665 tremulumque,
686 2625 750 2664 «ix-cn]
798 2627 929 2659 Boletus

93 2662 234 2702 Claudii,
251 2675 376 2696 annum
389 2669 570 2706 superantis
585 2670 820 2709 sexagesimum
835 2680 927 2709 quar-

93 2712 178 2746 tum,
194 2709 223 2737 &
235 2709 365 2746 euijam
381 2712 558 2741 tremulum
575 2720 686 2751 caput,
697 2721 853 2750 spumans
870 2715 926 2744 ric-

92 2754 156 2787 tus,
171 2752 230 2780 &c.
278 2752 410 2783 Sueton.
428 2754 542 2784 Claud.
554 2765 624 2794 cap.
639 2756 690 2784 30.

133 2793 325 2822 Dese-endere
329 2796 424 2833 jussit
438 2798 470 2827 in
485 2799 608 2836 coelum]
631 2798 825 2836 Apotheosim
841 2800 923 2830 deri-

90 2835 154 2873 det,
180 2837 286 2875 inquit
302 2845 394 2868 vetus
411 2840 520 2870 Schol.
550 2842 618 2871 Alii
630 2842 816 2880 simpliciter
830 2843 925 2874 intel-

89 2877 146 2917 ligi
157 2879 273 2908 volunt
285 2879 477 2912 descensum
494 2885 563 2921 ejus
576 2885 615 2913 ad
629 2885 770 2923 Campos
788 2885 921 2924 Elysios.

89 2920 158 2950 Alii
185 2922 361 2960 respiciunt
381 2924 422 2953 ad
445 2926 576 2956 Senecae
599 2928 711 2957 ludum
735 2928 776 2957 de
799 2927 928 2959 Claudii

91 2962 222 2994 Caesaris
254 2972 370 3004 morte,
405 2968 457 2997 vel
485 2970 591 3007 potius
615 2971 925 3010 Apocolocyntosin‚

91 3006 162 3044 ubi,
179 3008 399 3045 postulantem
414 3010 498 3041 inter
520 3012 609 3043 Deos
632 3015 729 3052 recipi
752 3015 926 3045 Claudium

92 3047 334 3089 Imperatorem,
373 3053 490 3092 agitata
525 3056 559 3085 in
596 3056 743 3087 Concilio
780 3058 929 3089 Deorum

95 3094 201 3134 eausa,
224 3102 398 3126 accusante
423 3096 468 3130 D.
491 3098 655 3140 Augusto,
676 3101 932 3142 conspirantibus

980 1375 1087 1404 statim
1106 1375 1259 1405 universis
1280 1374 1472 1404 damnatum
1489 1371 1608 1402 invadit
1626 1371 1820 1410 Mercurius,

980 1424 1081 1457 atque
1097 1419 1223 1448 obtorto
1238 1417 1322 1447 collo
1336 1423 1438 1456 raptat
1453 1416 1492 1446 ad
1510 1416 1642 1446 Inferos.

1023 1463 1099 1491 6123.
1122 1462 1200 1491 Hoec
1223 1460 1323 1499 poscit
1341 1461 1476 1498 ferrum,
1503 1459 1568 1497 150]
1606 1459 1653 1488 At
1668 1458 1805 1489 immani

978 1504 1031 1533 illa
1044 1504 1196 1535 Caesoniae
1212 1505 1301 1544 potio
1315 1503 1495 1543 Caligulam
1506 1502 1637 1531 reddens
1647 1503 1803 1532 furiosum

979 1547 1015 1576 in
1033 1554 1156 1587 quanta.
1179 1549 1263 1578 mala
1286 1547 1496 1586 praecipitavit
1518 1545 1599 1575 ferro
1617 1545 1818 1585 flammaque

980 1589 1013 1619 in
1030 1601 1144 1622 omnes
1156 1592 1340 1622 saevientem
1354 1589 1366 1618 ἲ

1023 1634 1096 1665 624.
1119 1635 1197 1665 Haec
1209 1633 1339 1672 lacerat]
1365 1633 1502 1663 Sueton.
1519 1631 1660 1672 Caligul.
1678 1631 1816 1672 cap.28.

978 1678 1109 1717 discerpi
1123 1679 1297 1708 Senatorem
1312 1676 1496 1715 concupivit,
1513 1676 1570 1705 ἀς.

1021 1721 1138 1751 Mistos
1159 1722 1309 1760 Equitum
1331 1730 1398 1749 cum
1422 1719 1574 1760 sanguine
1596 1718 1722 1757 Patres]
1748 1719 1817 1750 Nec

978 1764 1064 1793 enim
1082 1761 1236 1803 Equestri
1253 1764 1394 1805 pepercit
1419 1763 1533 1792 Ortlini
1557 1768 1612 1792 aut
1637 1762 1804 1793 Senatorio

979 1805 1114 1837 Sueton.
1130 1808 1248 1846 passim
1274 1808 1308 1836 in
1335 1807 1437 1845 Calig.
1454 1806 1626 1844 praesertim
1643 1806 1718 1835 vero
1743 1815 1813 1846 cap.

976 1849 1029 1880 26.
1045 1852 1098 1881 27.
1114 1851 1167 1880 28.
1184 1851 1237 1880 30.

1020 1894 1094 1923 625.
1121 1893 1212 1924 Tanti
1234 1897 1344 1931 partus
1365 1901 1459 1930 equae,
1480 1889 1551 1932 35⁶²]
1587 1891 1822 1930 Hippomanes

976 1943 1079 1974 notat,
1092 1936 1133 1966 de
1146 1946 1213 1976 quo
1229 1937 1334 1975 supra.

1022 1979 1141 2012 Quanti
1166 1990 1229 2010 una
1249 1976 1401 2019 venefica]
1424 1976 1596 2010 Quantum
1621 1984 1688 2007 arte
1714 1980 1814 2017 pollet

975 2023 1129 2052 venefica.
1152 2023 1284 2063 Legunt
1297 2022 1444 2061 quidam,
1458 2021 1551 2059 canti,
1568 2021 1702 2059 iterum3
1725 2023 1813 2061 quod

973 2065 1059 2095 certe
1077 2067 1177 2106 magis
1194 2067 1310 2105 placet.

1018 2109 1093 2139 626.
1122 2110 1260 2139 Oderunt
1275 2112 1365 2138 natos
1381 2109 1417 2138 de
1434 2105 1562 2146 pellice]
1586 2106 1722 2138 Oderint
1738 2118 1793 2139 san
1806 2108 1823 2138 ὲ

973 2154 1098 2190 spurios
1114 2154 1172 2182 viri
1187 2154 1235 2183 sui
1247 2152 1329 2182 filios
1344 2163 1350 2180 ι
1374 2157 1410 2181 ut
1424 2151 1516 2181 Juno
1535 2150 1723 2181 Herculem.
1764 2155 1814 2183 At

973 2196 1110 2226 minime
1135 2196 1307 2226 ferendum
1336 2194 1424 2234 quod
1450 2195 1477 2223 Sc
1504 2193 1655 2232 privignis
1672 2202 1810 2226 mortem

972 2239 1159 2277 moliantur,
1174 2240 1240 2269 imo
1257 2241 1286 2269 δε
1302 2238 1435 2277 propriis
1450 2236 1626 2274 aliquando
1642 2236 1723 2266 filiis.

1014 2281 1147 2324 Pelliee]
1171 2284 1275 2321 Supra
1291 2282 1330 2311 ad
1348 2291 1381 2310 v.
1394 2281 1468 2310 272.

1016 2325 1088 2356 627.
1110 2326 1248 2364 Jamjam
1270 2325 1446 2365 privignum
1478 2322 1622 2359 occidere,
1650 2321 1716 2360 εἷτα]
1747 2324 1812 2356 Im.

972 2369 1060 2407 pune
1074 2370 1287 2399 committitur
1302 2369 1331 2398 id
1344 2367 1478 2397 sceleris.
1523 2366 1573 2394 Sic
1586 2364 1809 2401 Britannicum

971 2412 1029 2441 viri
1042 2413 1092 2441 sui
1108 2412 1236 2443 Claudii
1248 2412 1350 2442 filiurn
1369 2411 1386 2440 ὲ
1403 2408 1572 2439 Messalina
1590 2408 1692 2445 priore
1706 2419 1809 2442 uxore

971 2455 1154 2495 Agrippina
1169 2465 1296 2485 veneno
1310 2453 1452 2489 sustulit,
1477 2458 1513 2481 ut
1528 2450 1652 2481 Neroni
1665 2451 1730 2482 filio
1746 2464 1807 2486 suo

970 2506 1094 2535 pararet
1107 2499 1292 2537 Imperium.
1344 2496 1470 2526 Cornel.
1483 2495 1586 2524 Tacit.

1014 2541 1087 2572 621.
1113 2542 1273 2571 Custodite
1286 2537 1420 2580 animas]
1440 2539 1503 2567 Seu
1521 2538 1537 2565 «ἦ
1555 2546 1702 2577 noverca,
1718 2549 1774 2571 seu
1788 2542 1807 2571 ὲ

970 2590 1071 2614 matre
1085 2585 1183 2614 etiam
1197 2591 1310 2620 vestra,
1324 2583 1349 2611 si
1362 2591 1445 2611 novo
1459 2581 1572 2610 marito
1586 2584 1739 2620 nupserit,
1750 2592 1808 2615 aut

971 2628 1095 2657 nubere
1109 2628 1229 2666 cupiat.
1276 2627 1326 2655 Sic
1342 2625 1454 2655 Pontia
1470 2630 1507 2653 ut
1522 2624 1660 2656 nuberet
1676 2627 1808 2658 moecho

970 2679 1044 2700 suos
1055 2671 1136 2701 filios
1151 2670 1315 2700 interemit
1331 2667 1422 2697 duos.

1015 2713 1091 2744 650.
1137 2712 1265 2750 Livida]
1310 2709 1395 2743 Quia
1432 2710 1519 2739 lividi

972 2757 1087 2786 enecti.

1015 2797 1161 2838 Fervent]
1188 2797 1394 2834 Redundant,
1411 2797 1508 2835 plena
1520 2802 1610 2827 sunt.

1013 2842 1167 2880 Adipata]
1193 2840 1394 2870 Succulentae
1421 2840 1529 2879 dapes,
1552 2841 1662 2878 opima
1687 2842 1810 2880 edulia,

969 2885 1062 2924 adipe
1078 2885 1180 2914 veluti
1195 2884 1332 2914 condita.
1378 2883 1454 2921 Vel,
1471 2883 1571 2912 dulcia
1591 2883 1748 2922 placenta,
1770 2892 1808 2916 ut

970 2929 1194 2966 interpretatur
1222 2933 1315 2957 vetus
1342 2927 1451 2956 Schol.
1484 2928 1541 2966 qui
1576 2929 1602 2956 3.-
1634 2934 1807 2964 sequentes

971 2980 1079 3001 versus
1094 2971 1175 3000 duos
1190 2971 1224 3000 in
1238 2971 1307 3000 aliis
1323 2970 1486 3000 codicibus
1508 2969 1618 2999 deesse
1642 2976 1732 3000 notat
1748 2971 1808 3000 ibi·

972 3014 1056 3044 dem.

1018 3057 1093 3087 631.
1112 3057 1261 3086 ΛἾΙοηίειιΐ
1273 3056 1346 3086 ante=
1363 3055 1491 3095 aliquis]
1527 3055 1581 3085 Ad
1594 3056 1813 3094 explorandas

973 3100 1260 3141 praecavendasque
1275 3100 1411 3131 materni
1426 3098 1544 3130 veneni
1554 3098 1695 3130 insidias.

1556 2710 1642 2742 fiunt
1679 2721 1807 2744 veneno
