1948 3281
118 80 206 123 330

110 169 157 202 At
172 181 228 210 ego
241 169 412 219 sum-liber.
440 169 469 200 A
491 178 546 209 quo
565 169 623 198 tibi
635 168 760 209 Liber
794 181 883 221 ego,

111 223 283 243 concessum
313 213 393 243 illud
414 222 552 252 usurpas,
579 216 623 241 tot

112 257 200 285 rebus
231 255 398 286 obnoxius?
448 255 625 286 Nullumne

718 77 911 135 ¹PERSII
943 73 1160 117 SATIRA
1188 74 1245 116 V.

850 223 874 263 b
944 164 1072 207 Unde
1105 164 1246 204 datum
1280 162 1360 203 hoc
1396 161 1541 214 sumis,
1574 170 1636 203 tot
1665 160 1824 204 subdite

807 238 846 263 re
879 224 957 263 us?

113 282 709 339 dominumagnoscispraetereumAn
751 279 969 320 dominum
1012 278 1188 335 ignoras,
1240 274 1319 317 nisi
1369 290 1492 331 quem
1539 275 1718 318 vindicta
1760 292 1823 318 re-

114 342 135 370 ἀ
146 352 202 380 quo
214 342 347 371 vz'ndicat
359 342 503 371 Proetoris
513 340 598 379 virga
610 339 624 367 ‚²

113 383 150 413 Si
171 384 307 414 clamitet
333 385 513 414 Dominus:
536 382 626 419 vade,
641 401 672 422 α
696 398 714 437 I

113 437 211 464 serve,
243 429 265 465 ᾂ-
296 432 389 465 porta
416 425 553 465 strigiles
588 425 629 453 (ια’
675 453 681 459 ,
877 451 884 458 ,

117 469 253 508 Crispini
281 470 428 499 tlaermas:
462 470 552 507 sique
576 455 685 495 ur-Si
707 461 923 506 increpuit,

811 337 918 378 laxat
934 338 947 378 ?

1749 336 1823 376 125

721 427 733 447 ,
758 409 870 451 puer,
896 394 936 436 St
956 391 1127 448 strigiles
1150 388 1331 445 Crispini
1352 389 1399 430 ad
1424 389 1564 431 balnea
1583 391 1740 442 defer,’'

957 455 987 475 “
1012 451 1176 499 Cessas,
1199 456 1372 503 nugator
1388 447 1436 487 ?''
1469 447 1686 488 Servitium
1710 464 1799 490 acre

116 519 207 551 gear,
226 513 349 541 mmsis
374 512 484 548 etiam,
515 511 534 539 ὁ
569 519 626 556 Μ,-
638 511 698 551 Te
719 509 822 550 nihil
845 507 1032 563 impellit,
1051 505 1350 561 necquicquam
1373 503 1622 546 extrinsecus
1645 504 1781 557 intrat,

112 564 180 594 gare
194 555 208 584 Ρ
233 555 320 585 Turn
337 554 418 584 certe
439 554 514 581 (lura
536 562 600 580 serv
616 568 627 574 -

117 601 167 626 tus
182 597 357 626 nullalenus
368 601 397 626 te
410 596 522 635 adigit,
537 593 600 623 nihi

603 561 764 625 {Quod
786 580 929 607 nervos
952 564 1089 620 agitet.
1150 561 1230 604 Sed
1252 562 1285 602 si
1307 561 1419 602 intus
1443 562 1484 603 δε
1505 560 1546 602 in
1563 561 1698 617 jecore
1716 578 1826 620 aegro

118 649 175 679 que
190 641 227 670 ab
243 644 364 669 externo
379 639 561 678 ingreditur,
578 637 656 675 quod
668 645 772 666 nervos
783 634 935 675 exagitat.
977 633 1022 663 At
1036 632 1064 662 si

164 811 284 849 Satyri]
307 810 444 840 Pedibus
469 814 534 840 tam
558 808 659 849 agilis,
684 812 721 838 ut
743 807 871 846 Satyrus
886 815 954 835 esse

124 854 278 882 videatur.
301 853 476 892 Satyrorum
492 852 611 892 nempe
626 852 767 881 Deorum
783 850 952 889 agrestium

124 896 260 934 caprinis
285 897 430 934 pedibus,
453 896 563 924 villoso
590 903 733 932 corpore,
755 893 953 922 lascivientes

124 945 233 968 motus
249 940 457 969 imitabantur
473 939 503 968 in
521 938 622 967 Scena
640 936 846 966 Pantomimi.

124 981 239 1020 Virgil.
256 982 366 1021 Eclog.
384 984 413 1012 5.

166 1025 322 1053 saltantes
335 1026 461 1063 Satyros
478 1023 644 1053 imitabitur
658 1020 880 1060 Alphesiboeus.

124 1066 238 1097 Horat.
255 1068 292 1096 ad
310 1067 446 1097 Pisones.

169 1110 249 1138 Mox
265 1109 356 1139 etiam
371 1113 508 1150 agrestes
521 1109 645 1147 Satyros
660 1107 798 1136 nudavit.

124 1151 167 1182 Et
184 1153 238 1182 lib.
256 1154 287 1181 2.
301 1152 443 1192 Epist.2.

165 1196 259 1225 Nunc
273 1195 425 1236 Satyrum,
448 1205 528 1224 minc
541 1196 692 1235 agrestem
709 1192 841 1232 Cyclopa
864 1202 958 1222 move-

255 1242 316 1268 tur.

123 1281 178 1312 Ex
202 1283 367 1311 occasione
390 1282 453 1311 loci
476 1281 574 1319 hujus
590 1278 758 1310 Horatiani
779 1278 958 1317 suspicatur

124 1324 334 1354 Casaubonus
350 1324 525 1364 legendum
540 1333 618 1361 esse,
640 1323 794 1361 Satyrum,
810 1322 871 1350 hoc
887 1321 957 1351 loco

125 1366 240 1396 Persii:
266 1373 302 1396 ut
317 1377 423 1397 sensus
444 1368 497 1405 sit,
513 1376 648 1395 moveare
665 1365 820 1404 Satyrum,
843 1364 873 1393 id
897 1370 956 1401 est,

124 1417 218 1440 motu
234 1411 371 1449 corporis
386 1412 414 1440 ἃ*
427 1411 594 1440 saltatione
610 1409 763 1439 exhibeas
781 1407 810 1436 ὅτ,
827 1407 957 1436 aemule-

124 1453 164 1482 ris
181 1454 329 1491 Satyrum
344 1454 512 1483 saltantem
526 1452 601 1482 scite
620 1453 645 1481 ἀ
663 1451 803 1491 agilitate
817 1450 953 1479 summa.

126 1495 225 1527 Quasi
242 1498 315 1525 vero
332 1496 455 1525 Persius
471 1496 585 1525 debeat
607 1504 673 1524 esse
696 1499 871 1532 perpetuus
888 1492 957 1521 ubi-

125 1548 191 1577 que
207 1539 235 1567 &
248 1540 363 1577 passim
377 1539 500 1568 Horatii
513 1538 662 1573 imitator,
672 1546 707 1566 ac
717 1536 817 1564 veluti
830 1544 957 1564 servum

125 1591 235 1619 pecus.
281 1583 414 1611 Maneat
436 1582 532 1621 igitur
546 1579 665 1619 Satyri,
687 1580 789 1609 donec
809 1578 958 1608 mutandi

126 1625 204 1653 ratio
222 1625 321 1662 major
337 1624 493 1654 afferatur.

167 1666 331 1706 Moveare]
368 1667 401 1696 ld
432 1674 491 1704 est,
519 1666 722 1696 saltationem
753 1673 956 1694 numerosam

123 1716 277 1749 praeste53
302 1720 388 1747 nam,
404 1711 525 1747 moveri,
541 1718 596 1748 pro
611 1707 739 1746 saltare,
762 1708 902 1745 ponitur,
921 1713 958 1736 ut

123 1753 262 1791 probant
274 1753 335 1782 loci
351 1753 418 1782 Cic.
435 1752 542 1782 I'arad.
559 1753 586 1781 δι
605 1752 715 1781 Horat.
734 1750 834 1789 Epist.
850 1751 884 1779 2.
902 1749 956 1780 lib.

124 1796 157 1824 2.
169 1805 248 1825 mox
262 1796 359 1825 citati.
406 1796 498 1825 Adde
516 1795 627 1824 Hor-at.
643 1795 680 1824 ad
697 1793 837 1823 Pisones.

218 1837 359 1875 Utfestis
374 1842 513 1867 matrona
528 1837 637 1867 moveri
644 1837 734 1875 jussa
750 1836 863 1865 diebus.

169 1880 326 1920 Bathylli]
351 1882 414 1910 Hic
439 1881 502 1911 fuit
526 1881 745 1911 Pantomimus
770 1879 959 1909 Alexandri-

126 1934 202 1963 nus,
232 1925 372 1963 Augusti
401 1931 557 1963 ternpore,
586 1923 664 1959 imo,
693 1927 730 1952 ut
760 1922 874 1951 volunt
897 1922 960 1959 alii,

127 1968 225 1997 etiam
240 1967 299 1996 sub
317 1967 457 2004 Nerone,
481 1966 623 2006 insigniS,
647 1964 772 2004 egregia
793 1964 907 2002 forma,
932 1965 960 1994 ἃ

127 2010 261 2041 saltandi
291 2009 422 2047 periti213
456 2009 646 2038 Macenatis
657 2008 791 2044 libertus,
807 2008 963 2046 inquiunt

126 2058 251 2084 veteres
267 2052 368 2082 Gloss.
403 2052 482 2089 Ejus
499 2052 648 2081 meminit
662 2051 843 2087 Juvenalis,
869 2050 958 2080 Satir.

127 2098 160 2127 6.
175 2106 203 2124 v.
219 2096 269 2125 63.
283 2101 318 2124 nt
330 2095 467 2125 molliter
479 2094 630 2124 saltantis.
645 2094 766 2124 Athen.
781 2094 838 2123 lib.
852 2094 879 2122 1·.
893 2102 962 2131 cap.

129 2140 183 2168 17.
196 2139 240 2168 ait
249 2136 426 2177 Bathyllum
437 2147 513 2167 cum
527 2138 643 2176 Pylade
653 2137 791 2176 primum
805 2136 964 2165 invexisse

127 2180 275 2212 Italicam
314 2181 528 2218 saltationem,
567 2190 638 2219 quae
676 2179 805 2218 quidem
838 2178 964 2207 hilarior

129 2225 250 2254 caeteris
263 2230 357 2261 esset,
374 2224 412 2252 eo
429 2223 514 2262 quod
531 2223 692 2252 saltationi
708 2221 964 2260 gesticulationes

130 2269 269 2306 corporis
285 2268 340 2296 rite
356 2266 623 2296 accommodaret.

176 2312 247 2341 124.
269 2309 361 2340 Liber
372 2310 442 2350 ego]
465 2309 603 2348 Insurgit
627 2308 741 2344 Dama,
768 2307 795 2335 δι
819 2306 926 2336 allatas
947 2306 965 2335 a

130 2352 244 2384 Sto'i'co
259 2353 394 2383 rationes
418 2351 529 2391 parum
545 2352 683 2390 capiens,
709 2358 849 2379 veterem
866 2349 963 2379 canti·

130 2396 240 2426 lenam
257 2397 283 2426 Sc
302 2406 367 2425 rem
384 2395 423 2424 de
438 2404 505 2435 qua
514 2393 769 2430 controvertitur,
780 2393 897 2422 insulse
907 2402 962 2421 oc-

132 2440 223 2477 cinit,
241 2440 269 2468 &
285 2439 442 2468 clamitat:
466 2437 572 2476 Atqui
584 2436 662 2466 liber
677 2445 762 2472 sum,
784 2435 862 2464 liber
876 2444 962 2473 sum,

131 2480 291 2521 inquam,
328 2479 483 2521 quicquid
505 2481 616 2509 contra
638 2478 775 2508 cavillari
798 2487 920 2516 pergas,
944 2480 963 2508 ὁ

133 2522 255 2562 Stoice,
281 2533 462 2554 concessam
498 2523 579 2553 mihi
607 2522 786 2552 libertatern
816 2530 880 2550 non
907 2531 962 2551 au-

132 2565 223 2596 feres.

131 2607 247 2639 Horat.
265 2610 317 2638 lib.
334 2613 363 2641 2.
377 2612 441 2641 Sat.
461 2611 489 2641 7.

575 2651 672 2691 Eripe
687 2649 772 2689 turpi

178 2694 269 2724 Colla
277 2696 375 2735 jugo.-
401 2697 488 2732 liber,
507 2696 582 2725 liber
596 2704 673 2732 sum,
689 2693 738 2722 dic
753 2702 824 2733 age,
841 2693 898 2722 διε.

180 2737 267 2768 Unde
290 2739 394 2767 datum
410 2739 464 2768 Ιιοε
478 2739 567 2768 sumis
576 2737 608 2776 ἓ]
643 2736 815 2775 Redarguit
836 2735 964 2765 Stoi'cus

132 2783 297 2819 Damam3
344 2782 428 2811 unde
466 2783 539 2812 vero
576 2786 611 2810 tu
642 2780 741 2810 habes
769 2779 962 2816 libertatern,

133 2835 232 2864 quam
243 2826 356 2862 jactaS,
375 2834 410 2853 ac
425 2824 480 2853 tibi
494 2822 637 2862 arrogas?
665 2822 718 2851 Tot
734 2821 851 2850 subdite
867 2821 963 2859 rebus,

132 2868 297 2904 nimirum,
323 2866 354 2896 id
378 2871 437 2904 est,
462 2866 535 2895 cum
557 2872 605 2895 tot
628 2865 710 2894 vitiis
736 2865 847 2894 servias
873 2864 963 2893 velut

134 2910 347 2949 mancipium.

178 2954 248 2983 125.
272 2953 322 2982 An
353 2950 501 2980 dominum
522 2950 656 2989 ignoras,
682 2947 748 2989 ᾅε]
783 2949 838 2979 An
862 2949 963 2979 nescis

131 3003 246 3035 praeter
260 3001 433 3025 externum
456 2994 547 3023 illum
562 2993 697 3030 corporis
713 2992 884 3021 dominum
905 3001 960 3021 cu-

128 3037 212 3077 juse
229 3045 385 3077 potestate
399 3047 434 3066 ac
456 3035 598 3065 dominio
622 3035 744 3063 solutus
767 3034 882 3072 abiisti,
905 3043 962 3072 per

131 3081 305 3111 vindictam
323 3082 350 3110 ἀ
368 3078 665 3122 manumissionem,
682 3082 799 3107 restare
814 3077 872 3106 tibi
888 3078 959 3107 toti-

995 804 1068 834 dem
1095 803 1178 834 intus
1201 803 1348 834 dominos
1370 813 1406 833 ac
1430 809 1591 843 tyrannoS,
1615 810 1696 842 quot
1716 815 1827 844 pravos

997 847 1129 877 affectus
1157 854 1256 886 atque
1291 846 1436 877 libidines
1465 846 1574 876 animo
1605 853 1662 877 tuo
1699 848 1829 888 imperi-

999 896 1110 920 tantes.

1046 932 1188 963 Vindicta
1203 932 1340 970 relaxat]
1362 932 1443 962 Vide
1458 932 1566 971 supra,
1581 942 1609 962 v.
1627 933 1678 963 88.

1044 976 1115 1005 1‘26.
1160 976 1189 1014 I,
1214 975 1306 1015 puer]
1351 975 1501 1014 Explicat
1535 976 1647 1006 diserte
1682 976 1827 1007 Philoso-

999 1018 1085 1057 phus
1113 1018 1237 1058 duplex
1266 1027 1367 1058 genus
1397 1016 1557 1057 libertatis,
1589 1028 1646 1058 per
1675 1018 1829 1059 Prosopo-

1000 1071 1132 1099 poeiam.

1042 1104 1195 1145 Strigiles]
1230 1104 1410 1134 Dentatum
1437 1109 1483 1134 est
1511 1104 1528 1134 e
1559 1104 1651 1142 ferro,
1687 1110 1830 1145 argento,

1001 1146 1101 1176 aliAve
1123 1147 1252 1178 materia
1269 1148 1534 1185 instrumentum,
1559 1147 1682 1177 dictum
1698 1148 1715 1176 a
1737 1149 1831 1177 strin-

997 1191 1098 1229 gendo
1111 1200 1166 1219 seu
1182 1190 1325 1220 radendo.
1370 1189 1443 1219 Hoc
1459 1190 1492 1219 in
1508 1190 1626 1220 balneis
1648 1199 1704 1220 seu
1720 1200 1831 1230 aureo,

1002 1242 1058 1262 seu
1075 1240 1224 1273 argenteo
1239 1233 1350 1263 divites
1366 1233 1539 1263 utebantur
1554 1233 1592 1263 ad
1606 1232 1754 1263 sudorem
1770 1233 1830 1263 dis·

1002 1276 1206 1315 tringenduni
1242 1286 1299 1306 seu
1333 1275 1575 1315 detergendum.
1631 1277 1765 1306 Sueton.
1797 1276 1832 1307 in

1002 1319 1151 1358 Augusto
1176 1329 1244 1358 cap.
1261 1319 1310 1349 80.
1339 1318 1430 1348 refert
1458 1319 1657 1348 maculosum
1683 1319 1711 1348 ei
1734 1319 1831 1349 fuisse

1000 1370 1126 1400 corpus,
1143 1364 1172 1391 δι
1188 1363 1273 1392 callis
1297 1362 1488 1401 quibusdam
1514 1370 1555 1390 ex
1583 1362 1753 1400 prurigine,
1776 1371 1830 1391 as-

1000 1405 1044 1433 sid
1050 1406 1198 1444 noque&
1211 1404 1397 1434 vehementi
1408 1403 1538 1443 strigilis
1547 1412 1605 1433 usu
1618 1405 1781 1443 concretis,
1792 1405 1832 1435 ad

1000 1447 1196 1487 impetiginis
1212 1447 1359 1485 formam,
1376 1453 1536 1477 notatum.

1046 1490 1180 1529 Crispini
1190 1491 1232 1520 ad
1243 1490 1364 1528 balnea]
1388 1489 1547 1528 Opulenti
1568 1489 1705 1528 quilibet
1726 1490 1786 1520 sibi
1802 1492 1831 1520 ὃς

1001 1535 1110 1564 amicis
1141 1533 1304 1563 habebant
1337 1533 1425 1562 domi
1462 1532 1601 1562 thermas
1636 1534 1666 1562 &
1698 1533 1836 1565 ἱ)ει1ῐιοεε).εΑ

1002 1586 1075 1616 ergo
1102 1578 1129 1606 &
1151 1576 1327 1614 Crispinus,
1349 1577 1408 1614 qui
1423 1585 1465 1604 ex
1481 1584 1571 1605 servo
1585 1574 1687 1606 factus
1710 1575 1833 1616 Eques,

997 1619 1135 1658 jamque
1151 1619 1311 1649 delicatior
1325 1620 1476 1658 arguitur.

1000 1662 1155 1692 Juvenal.
1172 1664 1234 1691 Sat.
1252 1661 1279 1689 l.

1045 1704 1120 1734 Cum
1130 1714 1205 1744 pars
1217 1704 1348 1734 Niliaca:
1356 1703 1470 1743 plebis,
1485 1702 1550 1733 cuim
1566 1713 1657 1734 verna
1675 1702 1793 1744 Canopi

1044 1748 1218 1787 Crispinus,
1231 1749 1280 1785 35⁰·

1001 1790 1064 1821 Hic
1080 1793 1139 1821 sub
1155 1791 1293 1820 Claudio
1316 1789 1510 1828 Imperatore
1534 1789 1680 1820 Praetorio
1703 1791 1832 1829 praefee-

1002 1839 1053 1863 tus
1063 1834 1189 1871 dicitur,
1200 1835 1231 1863 Sc
1244 1833 1472 1863 consularibus
1485 1832 1666 1872 Insignibus
1676 1833 1830 1872 donatus;

1003 1876 1062 1906 sub
1080 1877 1207 1907 Nerone
1223 1878 1298 1906 vero
1311 1877 1346 1905 in
1368 1875 1542 1905 Sardiniam
1559 1876 1698 1905 Insulam
1715 1877 1834 1916 relega·

1003 1924 1056 1948 tus
1071 1926 1174 1949 semet
1185 1919 1386 1949 interfecisse.
1432 1918 1560 1949 Cornel.
1573 1918 1675 1948 Tacit.

1045 1962 1160 2001 Defir]
1185 1962 1244 1991 Vir
1257 1961 1410 1991 delicatus
1425 1965 1553 1990 notatur
1570 1961 1597 1989 δι
1623 1968 1750 1999 potens,
1776 1961 1834 2000 qui

1004 2013 1071 2034 non
1097 2005 1324 2035 communibus
1351 2006 1453 2034 utitur
1478 2003 1658 2042 strigilibus,
1681 2004 1735 2033 sed
1761 2013 1834 2043 pro·

1005 2048 1086 2086 prias
1101 2049 1158 2078 sibi
1174 2047 1286 2076 deferri
1297 2047 1392 2084 jubet
1405 2046 1443 2076 ad
1460 2046 1581 2075 balnea.

1055 2092 1122 2121 127.
1147 2090 1264 2128 Cessas,
1289 2094 1423 2129 nugator
1433 2088 1463 2127 ἶ]
1498 2088 1670 2127 Imperiosa
1700 2093 1836 2129 utraque

1005 2143 1087 2163 vox:
1112 2134 1196 2163 unde
1213 2134 1241 2162 &c
1257 2133 1412 2171 sequitur,
1426 2131 1579 2161 servitium
1594 2141 1672 2161 acre.

1047 2176 1207 2206 Servitium
1224 2185 1293 2205 acre
1309 2180 1339 2204 te
1354 2174 1430 2204 nihil
1441 2174 1585 2213 impellit]
1611 2175 1702 2204 Nihil
1720 2176 1788 2213 jam
1800 2179 1835 2205 to

1006 2222 1137 2258 torquet
1159 2219 1237 2249 illud
1260 2219 1446 2257 imperium,
1476 2219 1505 2247 &
1529 2227 1697 2256 poenarum
1714 2222 1832 2257 metus,

1006 2263 1158 2293 nimirum
1178 2261 1254 2300 quia
1270 2261 1355 2290 civili
1377 2261 1529 2292 servitute
1544 2261 1692 2290 liberatus
1705 2270 1750 2299 es,
1773 2270 1835 2292 nec

1008 2306 1113 2336 ullum
1128 2304 1266 2343 corporis
1279 2304 1449 2334 dominum
1464 2303 1559 2332 habes
1575 2303 1722 2341 amplius.

1050 2350 1121 2379 128.
1157 2346 1384 2386 Necquicquam
1409 2345 1593 2375 ertrinsecus
1614 2345 1725 2383 intrat]
1763 2344 1834 2374 Ex·

1005 2396 1095 2421 terna
1110 2401 1173 2421 vox
1189 2391 1287 2420 civilis
1309 2390 1434 2420 domini
1456 2389 1566 2427 parum
1590 2392 1622 2417 te
1647 2393 1755 2417 movet
1777 2393 1834 2418 aut

1004 2435 1081 2474 agit,
1095 2435 1173 2472 quia
1183 2434 1261 2463 liber
1271 2443 1303 2462 es
1316 2442 1373 2472 per
1387 2432 1566 2462 Praetorem.

1053 2479 1123 2507 129.
1149 2475 1238 2509 Quod
1251 2485 1355 2505 nervos
1368 2474 1483 2515 agitet]
1506 2473 1592 2512 Non,
1608 2480 1644 2503 ut
1658 2473 1753 2513 prius,
1769 2482 1835 2503 vox

1005 2520 1112 2550 herilis
1128 2530 1184 2559 per
1195 2526 1286 2548 aures
1300 2519 1431 2555 intrans,
1443 2517 1527 2556 cogit
1538 2523 1568 2545 te
1584 2526 1694 2546 nervos
1708 2522 1833 2546 totum-

1006 2573 1072 2603 que
1094 2572 1208 2602 corpus
1233 2563 1362 2601 agitare,
1385 2560 1422 2589 ad
1448 2559 1677 2596 obediendum,
1705 2561 1732 2588 ἀ
1756 2559 1835 2589 illuc

1007 2607 1075 2645 quo
1093 2607 1187 2644 jubet
1203 2604 1454 2645 properandum,
1469 2611 1510 2632 ne
1524 2601 1605 2632 forte
1619 2602 1750 2641 vapules
1763 2606 1834 2631 tan-

1008 2658 1107 2688 quam
1123 2656 1257 2678 cessator
1270 2649 1297 2677 &
1312 2647 1411 2676 deses.

1050 2691 1110 2721 Sexl
1123 2692 1150 2721 si
1164 2691 1259 2729 iatri-s]
1284 2690 1317 2720 Si
1333 2689 1482 2719 exteriori
1496 2687 1628 2727 quidem
1652 2688 1680 2717 &
1696 2686 1836 2725 corporis

1006 2735 1159 2764 servitute
1175 2734 1336 2770 liberatus,
1351 2731 1464 2771 pateris
1479 2738 1588 2760 tamen
1601 2731 1629 2760 δε
1646 2730 1738 2760 servis
1753 2731 1836 2759 inte-

1006 2778 1120 2806 riorem
1136 2777 1286 2806 vitiorum
1302 2776 1495 2805 servitutem.

1048 2819 1086 2850 In
1104 2818 1228 2859 jecore]
1266 2818 1360 2848 Jecur
1382 2816 1470 2846 sedes
1493 2816 1653 2855 appetitus
1678 2815 1833 2854 concupi-

1007 2864 1138 2892 scentis:
1164 2863 1226 2899 vel,
1255 2868 1292 2890 ut
1314 2860 1399 2896 alibi,
1423 2860 1552 2897 ponitur
1574 2859 1626 2888 hic
1647 2867 1704 2896 pro
1727 2858 1833 2896 corde,

1007 2906 1094 2942 quod
1121 2910 1167 2934 est
1197 2905 1265 2933 fons
1298 2905 1324 2931 δε
1352 2902 1440 2940 origo
1466 2903 1616 2931 oninium
1642 2900 1833 2930 affectuum.

1003 2948 1123 2988 AEgro:
1147 2947 1267 2976 scilicet
1291 2946 1331 2975 ob
1354 2945 1560 2973 inveteratam
1592 2944 1625 2972 in
1648 2944 1735 2972 malo
1755 2951 1832 2971 con-

1003 2991 1223 3026 suetudinem,
1250 2997 1313 3026 qua
1336 2986 1371 3017 fit
1394 2992 1432 3016 ut
1445 2986 1579 3016 affectus
1601 2986 1832 3025 ingravescant,

1004 3034 1031 3062 ἃ
1048 3033 1148 3073 magis
1170 3031 1335 3071 magisque
1352 3030 1425 3060 tabe
1446 3038 1504 3059 sua
1526 3030 1672 3059 animum
1693 3035 1832 3057 corrum-

1002 3080 1091 3115 pant.
