1948 3281
117 108 170 149 62

622 103 953 147 JUVENALIS
990 102 1205 146 SATIRA
1233 102 1311 146 IV.

110 197 230 234 quando
256 195 456 233 collaudatur,
478 197 617 234 potentia
629 193 730 233 Non
752 193 894 247 possit,
919 207 1012 233 cum
1034 193 1216 232 laudatur
1238 191 1314 232 diis
1331 206 1446 246 aequa
1467 200 1654 247 potestas.

110 238 289 268 Numinibus
314 239 449 277 (equalis.
493 239 537 267 At
566 249 615 268 ca-

111 282 171 310 tini
185 282 352 319 amplitudo
370 281 449 319 pisci
473 291 528 310 non
546 283 610 310 ade-

629 250 706 290 Sed
730 250 859 289 deerat
882 249 982 302 pisci
1006 248 1152 302 patinae
1173 263 1372 288 mensura.

1433 251 1642 290 Vocantur

111 327 159 352 rat
181 333 254 362 par:
280 324 380 361 iraque
395 324 424 351 ῑη
439 323 613 353 consultati-
630 307 735 360 Ergo
758 305 799 345 in
822 305 1040 345 concilium
1066 319 1260 357 proceres,
1292 319 1393 359 quos
1410 305 1543 346 oderat
1567 306 1662 356 ille;

111 375 194 394 onem
225 370 417 395 accersuntur
444 366 611 405 Principes,
630 362 676 401 In
702 376 873 416 quorum
891 360 990 401 facie
1011 361 1185 409 miserae,
1209 374 1448 415 magnaeque
1469 361 1627 401 sedebat

111 418 184 446 quos
206 408 232 435 is
254 408 476 443 a1:ersabaiur;
498 409 527 436 in
543 419 612 445 quo·
629 417 762 457 Pallor
781 416 986 458 amicitiae·

109 460 174 479 rum
211 454 294 479 vultu
332 450 478 479 residebat
512 450 614 487 pallor

1740 415 1791 461 75

1049 416 1224 466 Primus,
1247 417 1444 457 clamante
1463 417 1662 468 Liburno,

110 493 287 522 mmmm-55,
302 495 324 529 ρ).
344 493 610 526 summaefamilia-
628 473 801 524 Currite,
818 473 904 527 jam
929 473 1044 524 sedit,
1069 475 1178 526 rapta
1200 473 1430 527 properabat
1451 473 1582 514 abolla

110 535 224 563 ruatis.
272 536 346 564 Tam
362 535 544 571 vociferante
560 535 611 562 Li-
626 530 814 584 Pegasus,
848 530 1030 570 attonitae
1053 529 1206 583 positus
1224 530 1349 570 modo
1371 528 1526 569 villicus
1549 529 1650 570 urbi.

110 577 214 614 burno,
227 578 444 614 accedite,jam
457 577 590 605 consedit
597 588 612 611 ,-

110 624 181 648 ante
207 619 283 647 alim
307 620 478 648 accurrebat
494 620 610 656 sumpta

624 585 746 625 Anne
762 586 869 626 aliud
893 595 990 626 tunc
1017 586 1223 640 praefecti?
1258 587 1448 647 Quorum
1463 585 1659 639 optimus,
1677 594 1796 639 atque

110 661 263 694 emam&
273 661 610 699 Pegasuseii-itatistu-
625 642 823 696 Interpres
845 643 979 698 legum
999 642 1276 683 sanctissimus
1294 659 1305 692 3
1339 656 1477 682 omnia
1492 656 1723 696 quanquam

106 704 238 741 pfactae
255 699 373 732 villica5
389 713 481 741 nuper
496 704 608 732 consti-
622 699 890 752 Temporibus
913 699 1006 739 diris
1026 699 1228 739 tractanda
1250 698 1411 752 putabat
1430 698 1572 738 inermi

860 755 986 797 Venit
1010 756 1048 796 ὅτ.
1071 755 1203 810 Crispi
1220 754 1403 809 jucunda
1425 764 1623 804 senectus,

112 750 204 775 tutus.
250 745 396 782 Nunquid
418 745 503 793 enim
527 747 799 796 atiud-Justitia-

111 788 174 816 Ῑὰηι
201 794 288 816 erant
312 788 491 825 praeposztc?
526 788 611 817 Inter

1742 695 1798 736 80

111 839 183 867 quos
196 830 323 858 manime*
335 830 444 868 probus
460 840 495 859 ac
510 830 628 871 integer
644 834 696 863 ille
707 835 942 866 Jurisconsuttus
955 837 1093 865 censebat
1106 837 1242 866 molliter
1253 836 1371 877 agenda
1384 834 1608 873 unicersajure‚
1617 834 1682 864 sine
1693 834 1797 872 armis,

111 871 182 900 licet
198 876 370 910 tempestate
383 872 469 902 sceui.

516 875 679 905 Advolat-it
693 878 782 907 etiam
796 879 896 917 Cri-spi
908 878 1013 907 hilaris
1027 882 1159 917 senecta,

113 1012 164 1042 Sic
189 1012 217 1040 &
245 1011 427 1041 Alexander
453 1012 505 1041 ille
520 1022 652 1052 magnus
670 1024 725 1052 per
747 1016 932 1045 subornatos

112 1054 280 1084 Antistites
303 1054 492 1083 Hammonis
510 1055 608 1084 Filius
624 1057 790 1094 salutatur,
817 1067 851 1086 ac
876 1068 932 1096 pro

110 1096 183 1126 Deo
212 1106 276 1125 non
302 1107 358 1135 pro
390 1097 475 1135 Rege
501 1098 560 1125 coli
579 1098 719 1134 jubetur.
768 1100 837 1138 Ipse
859 1101 932 1129 vero

109 1138 295 1168 Hammone
322 1148 354 1167 se
385 1145 472 1177 patre
501 1141 619 1168 censeri
646 1141 790 1179 imperat.
835 1143 932 1180 Apud

109 1181 277 1211 Justinum
305 1181 359 1211 lib.
378 1184 427 1210 11.
456 1183 482 1209 S:
500 1181 552 1210 lib.
573 1183 617 1211 12.
649 1183 767 1212 adorari
783 1193 814 1213 se
827 1185 932 1222 jubet,

111 1231 287 1253 recusantes
313 1231 419 1252 antem
449 1223 663 1254 Macedonum
688 1226 848 1264 Principes
874 1228 933 1256 sub

109 1267 213 1304 specie
237 1265 417 1295 insidiarum
435 1265 474 1294 de
499 1266 602 1295 medio
619 1268 711 1297 tollit.
759 1270 810 1298 Sic
837 1270 931 1298 etiam

109 1309 302 1345 Ant'10chus,
340 1309 382 1337 sic
414 1307 634 1339 Diocletianus
670 1310 725 1340 Dii
762 1311 932 1341 voluerunt

109 1351 338 1389 cognominari,
363 1352 421 1380 ἃς.

152 1394 189 1422 71
226 1393 297 1422 Diis
312 1392 556 1434 aequapotestas]
591 1393 675 1427 Quia
691 1396 856 1426 neminem
881 1407 932 1427 su-

110 1435 165 1474 pra
181 1444 214 1464 se
228 1436 337 1465 vident
352 1442 408 1464 aut
424 1444 581 1466 verentur¹

153 1478 203 1508 72.
218 1477 279 1507 Sed
292 1479 393 1507 deerat
404 1478 484 1516 pisci
494 1479 609 1516 patinae
623 1481 773 1519 mensura]
791 1481 927 1512 Martial.

109 1520 162 1550 lib.
185 1522 233 1550 123.
251 1521 433 1559 Lpigramm
470 1521 521 1550 81.

197 1562 338 1596 Quamvis
354 1562 420 1592 lata
431 1567 522 1603 gerat
529 1565 651 1603 patella
666 1565 825 1602 rhombum,

195 1605 346 1634 Rhombus
358 1607 448 1634 latior
459 1610 502 1634 est
521 1611 619 1637 tamen
632 1608 763 1646 patella.

154 1649 206 1678 73.
235 1647 428 1684 Vocanturrin
445 1649 603 1678 concilium
614 1651 765 1689 proceres]
801 1652 853 1682 Ad
879 1653 933 1683 de-

111 1690 309 1721 liberandum
326 1700 391 1729 quo
413 1691 509 1729 possit
530 1692 625 1721 modo
643 1699 750 1723 tantus
768 1695 857 1733 piscis
879 1705 933 1725 co-

113 1734 183 1771 qui,
197 1733 325 1771 condiri‚
341 1734 473 1772 apponi,
494 1743 536 1764 an
549 1736 694 1764 concisus
716 1737 747 1765 in
763 1744 878 1776 partes,
892 1748 932 1768 an

113 1776 242 1814 integer.

159 1817 237 1850 Quos
250 1818 368 1857 oderat]
391 1819 591 1850 Domitianus
605 1820 829 1860 Tyrannorum
846 1833 933 1854 more

112 1860 242 1891 Nobiles
259 1862 413 1899 imprimis
423 1862 538 1891 oderat.

156 1905 205 1932 74.
235 1903 274 1932 In
302 1913 422 1941 quorum
437 1904 540 1943 facie,
564 1905 630 1943 650]
667 1905 813 1939 Quorum
842 1908 936 1938 facies

113 1952 176 1975 erat
193 1945 306 1983 pallida
320 1956 380 1983 prae
396 1953 497 1983 metu,
521 1957 561 1977 ne
575 1949 722 1978 simulata
735 1960 775 1979 ne
790 1951 935 1981 insidiosa

113 1988 192 2017 foret
222 1994 311 2018 tanta
348 1989 399 2017 illa
429 1989 606 2019 Domitiani
644 1991 847 2022 familiaritas,
901 1994 935 2022 Is

113 2030 203 2067 enim,
227 2037 263 2059 ut
278 2032 320 2059 ait
335 2031 521 2067 Suetonius,
545 2042 604 2060 non
619 2043 736 2072 magnae
750 2033 858 2070 solum,
881 2037 935 2064 sed

111 2073 202 2102 etiam
218 2073 334 2101 callidae
357 2073 574 2112 inopinataeque
603 2080 668 2103 erat
694 2077 823 2105 soevitioe.
869 2078 931 2116 Sic,

111 2114 272 2144 Aretinum
289 2114 469 2144 Clementem
488 2116 679 2146 Consularem
689 2119 795 2157 sirum,
813 2119 933 2155 efami-

113 2156 240 2186 naribus
253 2157 327 2195 suis,
349 2158 459 2195 capitis
485 2159 744 2198 condemnaturus,
767 2163 797 2190 in
820 2162 932 2200 majore

113 2201 203 2237 quam
216 2199 287 2228 ante
298 2199 406 2239 gratia
423 2199 533 2230 habuit.
595 2202 645 2231 Sic
660 2204 756 2232 etiam
773 2204 932 2234 Auctorem

113 2242 299 2271 Summarum
316 2242 417 2280 pridie
431 2245 519 2280 quam
535 2244 733 2284 crucifigeret,
759 2247 789 2274 in
817 2245 933 2276 cubicu-

114 2283 175 2313 lum
190 2285 319 2321 vocavit,
341 2284 472 2313 assidere
485 2287 583 2324 juxta
599 2289 712 2327 co'e'git,
730 2293 822 2326 parte
844 2300 934 2319 coenoe

112 2336 171 2355 suae
197 2327 344 2368 dignatus
366 2332 421 2363 est,
445 2328 570 2367 denique
595 2340 728 2359 securum
755 2331 935 2370 hilaremque

115 2369 238 2400 dimisit.
276 2370 547 2401 Sueton.Domit.
564 2382 631 2411 cap.
654 2375 701 2403 11.
742 2373 825 2404 Vide
838 2376 935 2405 etiam

115 2411 180 2440 Sat.
199 2414 226 2441 1.
251 2423 278 2442 v.
293 2414 343 2442 53.

159 2455 207 2500 75.
229 2454 349 2485 Primus
358 2457 556 2496 properabat]
593 2458 714 2488 Primus
743 2459 935 2491 Senatorum

115 2502 201 2524 venis
213 2506 342 2527 vocatus
357 2499 389 2528 in
405 2501 588 2530 concilium.

140 2578 146 2583 Ο
159 2536 330 2577 Clamante]
354 2541 388 2570 In
404 2543 575 2572 concilium
592 2544 776 2582 advocante,
803 2546 830 2574 Sc
849 2554 934 2585 mag-

116 2587 163 2607 nis
179 2581 306 2610 vocibus
322 2583 472 2623 instante,
498 2595 538 2614 ne
560 2586 725 2617 sedentem
741 2588 809 2624 jam
828 2587 934 2626 Impe-

116 2626 249 2651 ratorem
266 2632 469 2656 morarentur.

157 2662 305 2702 Liburno]
340 2667 367 2695 Is
396 2669 635 2701 admissionibus
665 2678 805 2711 praeerat‚
828 2672 934 2711 inquit

116 2711 207 2752 vetus
233 2707 340 2754 Schol3
400 2711 464 2739 Alii
497 2713 607 2743 dicunt
638 2724 795 2753 praecones
825 2716 891 2753 peti
917 2717 933 2745 ὲ

116 2747 271 2777 Liburnia
285 2750 403 2787 sohtOS,
432 2755 516 2789 quod
547 2755 679 2786 Liburni
704 2763 807 2787 essent
822 2759 934 2787 sonora

116 2790 145 2818 δι’
159 2791 260 2820 valida
272 2801 359 2820 voce.
404 2793 518 2824 Verum
547 2798 577 2826 id
602 2801 693 2837 gratis
716 2800 869 2829 affirmare
888 2802 933 2828 vi-

115 2831 239 2862 dentur.
300 2834 393 2862 Porro
422 2835 572 2867 Liburnia
602 2843 686 2879 regio
715 2842 842 2880 lllyrici,
878 2843 932 2872 ubi

114 2883 200 2904 nunc
228 2875 358 2905 Croatiae
383 2886 452 2915 pars
469 2881 626 2911 maritima
652 2893 726 2912 cum
753 2891 840 2922 parte
857 2884 932 2914 Dal-

117 2918 219 2945 matiae
235 2918 457 2949 Occidentalis.

158 2959 206 2988 76.
223 2960 294 2990 Jam
307 2961 399 3000 sedit]
415 2962 436 2991 J
440 2972 491 2992 am
507 2964 540 2992 in
553 2967 681 2996 concilio
695 2967 782 2997 sedet
797 2968 934 2999 Domiti-

114 3009 151 3029 an
159 3010 203 3029 us.

156 3042 276 3083 Rapta]
299 3045 400 3077 Veste
416 3049 527 3087 raptim
543 3060 577 3080 ac
593 3051 713 3090 trepide
727 3053 897 3091 assumpta.

1019 1017 1144 1055 Abolla]
1182 1017 1288 1047 Vestis
1313 1024 1379 1048 erat
1404 1018 1557 1055 militaris,
1592 1027 1632 1046 ex
1662 1016 1794 1054 Nonio,

977 1059 1197 1098 Philosophica
1213 1061 1321 1099 etiam,
1347 1061 1441 1098 supra
1458 1060 1523 1090 Sat.
1539 1061 1568 1090 3.
1587 1069 1615 1088 v.
1638 1061 1707 1088 115.
1723 1069 1795 1089 nec-

976 1110 1041 1131 non
1070 1103 1243 1140 Senatoria‚
1272 1110 1310 1132 ut
1336 1104 1426 1132 aiunt
1453 1102 1595 1141 quidam,
1617 1102 1796 1140 diciturque

977 1145 1066 1181 quasi
1096 1144 1213 1180 aouIIa,
1248 1145 1333 1182 quod
1363 1145 1507 1183 undique
1535 1145 1664 1174 bullata.
1720 1144 1797 1174 Pru·

976 1186 1063 1215 dent.
1086 1186 1281 1226 Epigramm.
1306 1188 1359 1216 20.
1388 1187 1441 1216 lib.
1460 1189 1487 1216 1.
1513 1193 1619 1216 contra
1649 1188 1796 1225 Symma-

977 1228 1086 1258 chum.

1060 1272 1216 1309 Asljectus
1218 1272 1312 1308 fastis
1322 1270 1459 1310 palmata*
1476 1271 1605 1311 insignis
1615 1269 1727 1301 abolla.

1021 1315 1070 1343 77.
1093 1314 1244 1355 Pegasus]
1274 1315 1303 1344 Is
1327 1314 1469 1344 Albanus
1497 1315 1584 1351 civis,
1606 1314 1692 1344 Juris
1717 1313 1797 1344 adeo

975 1356 1105 1394 peritus,
1130 1365 1163 1386 ut
1190 1358 1266 1386 liber
1291 1357 1386 1395 vulgo
1412 1366 1476 1386 non
1503 1357 1602 1385 homo
1630 1356 1794 1385 diceretur.

974 1397 1027 1427 De
1043 1408 1081 1428 eo
1108 1400 1227 1437 scripsit
1250 1400 1367 1436 etiam;
1390 1399 1475 1427 unde
1497 1398 1557 1428 Jus
1571 1399 1790 1437 Pegasianum.

976 1440 1125 1471 Praeterea
1158 1442 1302 1480 'plurimis
1325 1440 1453 1470 functus
1477 1441 1659 1477 honoribus»,
1688 1440 1796 1469 multis

976 1492 1104 1521 quoque
1118 1484 1286 1513 Provinciis
1299 1483 1422 1521 praefuit
1434 1494 1444 1522 3
1469 1484 1591 1522 ipsique
1604 1483 1673 1512 urbi
1685 1482 1793 1512 Romae

975 1526 992 1553 a
1006 1525 1198 1563 Vespasiano
1215 1525 1393 1565 praefectus.
1439 1526 1545 1555 Vetus
1563 1525 1669 1554 Schol.

1017 1568 1159 1607 Villicus]
1175 1568 1269 1600 Quod
1289 1568 1388 1598 Roma
1408 1574 1485 1598 tunc
1500 1573 1578 1597 esset
1592 1567 1692 1597 veluti
1707 1566 1796 1603 villa,

976 1610 1045 1640 sine
1058 1611 1213 1648 libertate,
1229 1613 1297 1640 sine
1309 1611 1485 1650 privilegiis.
1530 1610 1616 1639 Hinc
1631 1618 1699 1639 non
1719 1618 1797 1651 praej

976 1652 1078 1682 fectus
1094 1653 1228 1693 Pegasus
1244 1654 1434 1692 appellatur,
1447 1653 1500 1682 sed
1520 1651 1655 1681 Villicus.

1018 1696 1168 1725 Attonitae
1185 1697 1264 1734 urbi]
1288 1695 1373 1728 Quia
1394 1705 1461 1725 non
1485 1696 1586 1724 civem
1615 1694 1798 1725 Romanum

976 1738 1034 1766 sibi
1059 1739 1261 1776 praepositum
1288 1738 1387 1767 cernit
1413 1738 1466 1767 sed
1494 1737 1731 1776 alienigenam3
1767 1738 1798 1766 δε

977 1780 1064 1818 quod
1091 1789 1123 1809 se
1149 1781 1259 1811 misere
1274 1790 1453 1820 oppressam
1466 1781 1575 1817 sentit,
1601 1779 1702 1809 Roma
1725 1784 1797 1809 stu-

976 1830 1042 1862 pet.

1022 1865 1070 1896 78.
1093 1865 1180 1896 Anne
1194 1867 1292 1904 aliud]
1316 1865 1371 1896 An
1396 1870 1472 1895 tunc
1488 1864 1724 1904 praefectialiud
1747 1864 1795 1892 vi-

977 1909 1042 1937 deri
1057 1916 1188 1947 possunt
1204 1910 1300 1947 quam
1315 1908 1411 1937 villici
1432 1907 1618 1946 Imperatori
1638 1906 1726 1935 velut
1741 1905 1795 1935 do-

978 1951 1066 1979 mino
1091 1951 1129 1980 ad
1144 1958 1262 1981 nutum
1278 1951 1460 1988 servientes,
1488 1951 1514 1978 &
1531 1950 1571 1978 de
1585 1948 1734 1978 omnibus
1750 1958 1795 1977 ra-

978 1993 1100 2022 tionem
1116 1993 1274 2023 reddituri.

1022 2035 1151 2068 Quorum
1164 2036 1304 2074 optimus,
1328 2035 1391 2073 εἶτα]
1415 2034 1548 2074 Pegasus
1563 2033 1722 2063 nimirum.

1020 2077 1071 2108 80.
1100 2078 1274 2107 Tractanda
1293 2078 1426 2115 putabat
1449 2075 1708 2114 inermijusr‘itia]
1740 2075 1794 2106 Pa-

977 2119 1091 2150 tienter
1105 2121 1320 2151 sustinendam
1336 2120 1419 2149 hanc
1434 2120 1535 2148 veluti
1552 2118 1733 2156 procellam,
1757 2129 1793 2148 ac

975 2163 1175 2193 serviendum
1201 2163 1337 2201 tempori
1359 2162 1551 2198 calamitoso,
1578 2169 1643 2199 quo
1659 2170 1724 2190 non
1742 2161 1796 2198 jus

976 2205 1100 2243 vigebat
1116 2206 1169 2235 sed
1186 2206 1319 2243 injuria,
1344 2214 1401 2234 nec
1421 2205 1510 2240 ratio,
1527 2203 1580 2232 sed
1596 2202 1795 2240 Imperatoris

977 2248 1094 2277 saevitia
1108 2248 1147 2277 ad
1161 2249 1322 2278 arbitrium
1339 2247 1447 2277 omnia
1460 2246 1604 2276 faciebat.
1649 2244 1710 2274 Cui
1727 2251 1796 2274 tan-

978 2299 1074 2327 quam
1096 2292 1226 2320 torrenti
1241 2292 1265 2320 si
1293 2290 1362 2328 quis
1377 2289 1461 2318 obex
1483 2291 1708 2326 opponeretur,
1730 2296 1796 2317 non

977 2332 1095 2362 levaret
1110 2334 1244 2370 malum,
1259 2333 1313 2362 sed
1325 2337 1464 2371 augeret.

1021 2375 1071 2404 81.
1098 2375 1198 2414 Crispi
1210 2375 1352 2413 jucunda
1373 2371 1522 2411 senectus]
1549 2371 1672 2408 Crispus
1695 2372 1727 2401 in
1749 2381 1796 2413 sef

978 2423 1109 2447 nectute
1133 2427 1198 2447 non
1228 2426 1369 2446 morosus
1393 2415 1447 2445 sed
1471 2415 1574 2444 hilaris
1601 2415 1629 2443 ἀ
1656 2412 1796 2443 festivus.

977 2460 1170 2499 Intelligunt
1184 2460 1283 2498 aliqui
1299 2459 1448 2496 Crispum
1470 2457 1667 2492 Passienum,
1683 2456 1796 2485 Orato-

978 2512 1056 2540 rem,
1079 2503 1125 2532 bis
1141 2502 1328 2539 Consulem,
1353 2498 1530 2540 Agrippina
1554 2507 1654 2527 uxore
1679 2507 1715 2527 ac
1729 2498 1798 2527 Ne-

979 2554 1054 2575 rone
1071 2546 1214 2584 privigno
1237 2545 1379 2573 clarum:
1414 2543 1508 2579 cujus
1524 2541 1661 2570 meninit
1676 2541 1796 2570 Plinius

978 2586 1034 2616 lib.
1060 2588 1110 2617 16.
1135 2597 1204 2626 cap.
1229 2587 1354 2616 ultimo.
1398 2585 1467 2624 Ego
1490 2584 1600 2613 malim
1624 2592 1700 2612 cum
1716 2583 1795 2621 aliis,

978 2629 1114 2660 Vibium
1132 2631 1294 2668 Crispum,
1310 2628 1544 2663 Placentinum,
1560 2626 1599 2654 de
1616 2635 1681 2663 quo
1692 2624 1795 2658 Quin-

978 2673 1106 2703 tilianus
1122 2674 1175 2702 lib.
1196 2674 1244 2701 10.
1259 2681 1327 2710 cap.
1344 2672 1372 2699 1.
1387 2669 1446 2699 sub
1459 2668 1557 2697 finem
1572 2669 1614 2697 ita
1630 2668 1795 2706 loquitur:

981 2713 1084 2745 Vibius
1100 2715 1234 2753 Crispus,
1247 2713 1425 2751 compositus
1436 2713 1458 2748 {r
1462 2710 1629 2748 jucundus,
1641 2714 1732 2747 atque
1747 2709 1796 2739 de-

977 2758 1131 2787 lectationi
1144 2761 1243 2793 natus,
1254 2755 1382 2794 privatis
1396 2758 1495 2782 tamen
1508 2752 1606 2782 causis
1619 2753 1708 2790 qua'm
1715 2751 1792 2790 puh-

976 2800 1043 2829 licis
1068 2802 1179 2829 metior.
1223 2799 1252 2827 Is
1282 2796 1486 2835 interroganti
1507 2795 1647 2832 cuidam,
1673 2799 1796 2824 essetne

978 2843 1048 2879 quis
1076 2844 1158 2873 intus
1187 2851 1262 2871 cum
1278 2840 1409 2875 Caesare,
1432 2837 1532 2868 facete
1559 2837 1729 2875 respondit,
1754 2845 1796 2866 ne

978 2893 1089 2915 musca
1126 2884 1274 2923 quidem:
1313 2881 1400 2919 quod
1437 2881 1554 2911 soleret
1591 2879 1796 2909 Domitianus

979 2928 1120 2964 quotidie
1136 2936 1168 2956 se
1179 2924 1323 2955 conclavi
1347 2933 1405 2952 suo
1420 2923 1592 2959 includere,
1608 2922 1699 2951 initio
1724 2921 1796 2958 qui-

977 2968 1051 2998 dem
1070 2970 1277 3006 Principatus,
1292 2966 1347 2995 ubi
1361 2975 1415 3004 per
1427 2966 1458 2994 id
1472 2971 1601 3003 tempus
1614 2964 1693 2993 nihil
1709 2961 1796 2992 aliud

978 3012 1076 3048 quam
1093 3019 1216 3041 muscas
1229 3008 1388 3047 captabat,
1403 3017 1438 3037 ac
1451 3008 1531 3046 stylo
1544 3010 1680 3046 praeacut
1720 3012 1795 3033 con-

978 3052 1104 3091 figebat.
1150 3053 1282 3083 Sueton.
1300 3051 1502 3089 Domit.‚cap.
1522 3050 1553 3080 3.
