1948 3281
647 73 990 118 sUVENALIS
1023 72 1242 116 SATIRA
1273 73 1353 116 VI.

142 168 404 220 confundas,
426 166 556 208 homo
578 179 688 207 sum.
748 164 869 208 Nihil
892 174 952 207 est
974 164 1167 208 audacius
1186 164 1264 206 illis

439 225 566 275 Iram,
584 232 706 280 atque
728 223 889 266 animos
911 224 938 264 a
957 223 1129 265 crimine
1146 230 1333 264 sumunt.
1348 250 1536 281 iracundiam
1560 252 1583 289 25
1606 252 1766 283 audaciam
1786 259 1856 285 tra-

138 283 267 329 Unde
304 285 394 326 haec
429 290 613 323 monstra
649 292 803 334 tamen,
825 280 888 325 vel
911 296 994 337 quo
1033 282 1081 322 de
1117 281 1233 322 fonte
1269 295 1332 321 re·
1348 293 1425 323 hunt
1458 295 1477 323 a*
1521 294 1643 325 scelere.

137 226 378 284 Deprensis.

312 339 438 397 quiris
454 340 468 380 ?

137 398 362 442 Praestabat
383 405 512 440 castas
534 396 703 439 humilis
725 397 890 439 fortuna
911 397 1079 439 Latinas

136 457 380 515 Quondam,
409 470 486 497 nec
508 454 616 497 vitiis
640 455 826 511 contingi
848 470 968 510 parva
990 454 1146 496 sinebat

131 516 259 557 Tecta
279 513 406 565 labor,
431 512 651 569 somnique
673 512 826 563 breves,
853 513 892 554 Sc
914 513 1057 554 vellere
1079 513 1250 554 Thusco

134 573 324 624 vexatae,
347 572 544 626 duraeque
566 585 729 622 manus,
754 585 800 611 ac
823 570 1032 626 proximus
1057 569 1146 610 urbi

132 629 336 679 Annibal,
363 628 403 670 ὅτ,
425 637 577 669 stantes
601 627 771 671 Collina
792 627 834 669 in
857 637 964 670 turre
985 627 1135 669 mariti.

130 687 261 729 Nunc
285 686 463 743 patimur
484 686 621 742 longae
644 685 753 740 pacis
776 685 911 728 mala:
946 684 1091 727 saevior
1113 683 1235 725 armis

130 744 314 786 Luxuria
335 743 541 794 incubuit,
565 743 804 798 victumque
826 742 1037 784 ulciscitur
1058 741 1213 783 orbem.

1783 78 1856 119 101

1349 164 1487 200 misceas,
1525 163 1609 194 homo
1643 175 1721 196 sum·
1765 167 1858 199 Nihil

1349 212 1393 237 est
1412 206 1553 243 ferocius
1582 208 1628 237 his
1658 209 1833 250 interceptis
1841 224 1857 249 ,-

1711 296 1857 329 Attamen

1251 338 1332 379 285
1348 337 1457 375 quoeris
1468 338 1547 366 unde=
1563 341 1617 367 aut
1635 338 1650 367 ἑ
1667 348 1726 376 qua
1740 340 1858 379 origine

1348 381 1505 419 prodeant
1530 390 1565 410 ea
1588 380 1762 419 portenta?
1785 383 1857 416 Sors

1347 423 1471 462 abjecta
1480 424 1611 463 pudicas
1624 424 1695 453 olim
1708 425 1855 461 faciebat

1346 465 1492 504 Latinas,
1526 471 1620 505 atque
1647 468 1777 508 exigua-s·
1804 470 1857 499 ‹Io-

1345 519 1407 539 mos
1421 510 1582 540 sceleribus
1604 510 1691 548 infici
1714 521 1773 540 non
1784 522 1856 551 per-

1343 553 1485 583 mittebat
1502 554 1599 592 labor,
1622 555 1644 591 ξς
1658 555 1791 583 modicus
1806 565 1856 585 so-

1339 606 1408 634 por,
1433 599 1456 634 ἐς
1483 606 1590 626 manus
1616 597 1755 627 Etrusco
1779 600 1855 631 land

1246 627 1488 680 290fiztigatae
1504 650 1540 668 oc
1565 640 1727 679 inrluratoe,
1753 642 1775 678 ᾃς
1788 642 1854 672 An-

1342 682 1429 712 nibal
1440 683 1566 713 civitati
1580 683 1746 721 imminens,
1760 686 1782 722 ᾇ,-
1794 686 1855 717 viri

1341 725 1373 753 in
1401 727 1533 755 statione
1560 727 1602 755 ad
1627 730 1740 756 turrem
1759 727 1855 758 Colli-

1340 777 1422 798 nam.
1466 769 1539 799 Jam
1566 769 1729 800 toleramus
1742 770 1854 801 incom-

127 802 176 844 N
180 802 310 856 ullum
332 801 490 843 crimen
513 800 639 851 abest,
663 800 905 856 facinusque
928 799 1125 850 libidinis,
1151 814 1199 840 ex
1222 814 1305 856 quo
1340 814 1430 842 moda
1452 813 1508 841 otii
1537 812 1684 843 diuturni.
1734 813 1854 846 Premit

132 859 348 915 Paupertas
372 860 560 901 Romana
581 856 700 912 perit.

760 858 876 899 Hinc
899 857 1019 899 fluxit
1040 858 1088 899 ad
1110 856 1212 899 istos

127 917 183 959 Et
205 916 367 973 Sybaris
390 915 544 967 colles,
578 914 677 956 hinc
701 914 743 956 Sc
764 916 951 968 Rhodos,
978 916 1018 957 ὃς
1034 915 1225 966 Miletos,

1340 854 1434 884 libido
1451 855 1531 885 bello
1547 856 1711 895 crudelior,
1722 859 1746 895 (3·
1762 868 1852 888 mun-

1243 916 1324 957 295
1342 897 1411 927 dum
1424 899 1582 928 subactum
1596 899 1742 929 vindicat.
1768 900 1850 931 Nul-

1340 942 1401 970 lum
1427 952 1486 971 non
1513 946 1676 982 grassatur
1704 944 1802 973 scelus
1827 946 1851 983 ᾇ·

127 975 271 1031 Atque
292 981 552 1024 coronatum,
575 972 613 1014 ὃς
634 973 837 1028 petulans,
862 973 1160 1030 madidumque
1174 974 1328 1015 Taren·
1341 983 1636 1025 luxuriaeflagitium
1657 986 1696 1015 ab
1712 996 1751 1016 eo
1766 993 1850 1017 tem-

126 1031 268 1074 Prima
288 1031 520 1087 peregrinos
543 1030 740 1072 obscoena
761 1031 936 1086 pecunia
957 1046 1092 1073 mores

126 1089 290 1141 Intulit,
313 1089 354 1130 δι
373 1088 482 1144 turpi
502 1088 712 1145 fregerunt
733 1090 885 1132 saecula
906 1089 1008 1131 luxu

1199 1033 1324 1086 [tmn.
1339 1037 1417 1066 pore
1442 1039 1500 1068 quo
1531 1028 1621 1057 desiit
1651 1028 1756 1077 inopia
1785 1029 1851 1060 Ro·

1339 1080 1439 1101 mana.
1484 1071 1561 1101 Inde
1582 1076 1720 1101 manavzt
1742 1072 1795 1102 hos
1817 1074 1850 1103 in

1337 1118 1452 1144 montes
1485 1116 1509 1153 «ξς
1546 1114 1683 1153 Sybaris,
1717 1116 1787 1145 inde
1824 1118 1848 1155 a}

125 1155 261 1196 Rhodus,
283 1160 305 1197 ᾅ
319 1156 462 1195 Miletus,
486 1158 508 1194 ᾅ-
527 1156 691 1186 Tarentum
706 1157 875 1188 redimitum
886 1169 900 1193 ;
923 1168 961 1187 ac
977 1167 1095 1196 procax
1120 1160 1213 1195 atque
1229 1155 1391 1188 humidum.
1436 1158 1562 1196 Impura
1572 1159 1706 1196 pecunia
1717 1159 1852 1198 primum

119 1199 238 1232 invexit
250 1205 394 1232 externas
412 1200 654 1239 consuetudines,
676 1205 769 1239 atque
781 1211 850 1240 opes
864 1202 1061 1240 effoeminatae
1075 1205 1273 1239 corruperunt
1286 1200 1481 1239 oevumfoedd
1497 1200 1634 1232 luxuria.

166 1320 243 1352 283.
259 1319 357 1349 Homo
365 1319 445 1358 sum]
471 1320 576 1349 Sexus
591 1327 645 1348 me
660 1318 807 1358 fragilem
826 1321 855 1350 δε
870 1321 962 1350 errori

124 1365 309 1404 proximam
339 1363 432 1393 facit:
471 1361 618 1392 humana
655 1361 840 1393 infirmitate
873 1364 962 1402 lapsa

124 1416 209 1437 sum.

164 1451 240 1481 284.
263 1449 345 1480 Iram
370 1453 463 1488 atque
487 1449 600 1478 animos
629 1448 648 1478 a*
677 1449 804 1479 crimine
822 1449 960 1488 sumunt]

123 1491 201 1523 Non
231 1493 434 1531 verecundia,
470 1492 524 1521 sed
553 1491 684 1522 audacia
715 1502 782 1522 sese
812 1498 958 1531 tuentur,

123 1536 198 1565 cum
223 1546 256 1566 se
282 1537 392 1567 vident
414 1536 447 1566 in
461 1535 577 1565 scelere
591 1535 815 1574 deprehensas.
861 1536 959 1569 Quod

122 1578 197 1608 sane
214 1580 343 1618 perdita:
357 1585 405 1609 est
420 1579 647 1619 improbitatis.

165 1622 240 1651 285.
268 1621 354 1652 Unde
386 1622 447 1651 hoec
473 1621 621 1660 monstra]
659 1621 754 1652 Unde
781 1628 958 1653 monstrosa

121 1660 192 1695 haec
208 1665 360 1695 luxuria?
382 1663 544 1694 Nimirum
558 1672 601 1694 ex
616 1665 784 1703 opulentia
798 1667 827 1696 <Sc
846 1666 924 1696 otio.

163 1707 238 1738 286.
264 1708 400 1738 Humilis
411 1707 561 1745 fortuna]
586 1707 673 1745 Opes
689 1709 829 1748 exiguae.

162 1750 239 1780 288.
271 1751 384 1781 Vellere
400 1749 531 1788 Thusco]
555 1749 708 1779 Lanificio
722 1752 808 1788 quod
826 1761 956 1782 exerce-

120 1794 214 1824 batur
228 1795 262 1824 in
277 1795 347 1824 vico
361 1796 523 1831 Romano,
539 1792 597 1831 qui
610 1792 762 1823 Thuscus
777 1794 955 1834 dicebatur,

119 1837 172 1868 vel
186 1838 271 1876 quod
286 1839 302 1867 ὲ·
319 1837 461 1867 Thuscia
477 1836 617 1874 petitum
634 1835 747 1866 fuerat.

162 1881 236 1910 290.
262 1879 410 1918 Annibal]
435 1879 517 1908 Vide
540 1878 648 1917 supra,
671 1888 735 1908 ver.
754 1878 826 1910 169.

161 1922 286 1953 Stantes
315 1922 450 1961 Collina]
488 1921 651 1951 Excubias
667 1928 796 1961 agentes
812 1924 846 1952 in
863 1923 956 1954 Porta

118 1965 253 2006 Collina,
276 1967 328 1996 vel
357 1967 454 1996 etiam
483 1966 518 1995 in
543 1965 649 1994 castris
666 1966 705 1994 ad
731 1974 803 1995 eam
827 1973 953 2004 portam

116 2009 242 2048 positis,
265 2010 339 2039 cum
354 2009 470 2039 infesto
494 2007 641 2038 exercitu
658 2008 770 2038 urbem
787 2016 954 2048 appeteret

118 2052 276 2090 Annibal,
298 2052 363 2081 Tit.
378 2052 450 2081 Liv.
471 2051 528 2081 lib.
544 2051 596 2081 26.

163 2094 283 2123 Collina
299 2094 331 2122 in
354 2094 451 2132 turre]
473 2094 528 2123 Ad
551 2100 675 2132 portam
694 2093 842 2124 Collinam
861 2096 950 2125 turri-

117 2137 178 2167 bus
196 2138 368 2167 munitam.
414 2136 510 2166 Hanc
528 2137 572 2165 ita
586 2136 706 2166 dictam
729 2137 827 2167 Varro
844 2139 953 2169 scribit

117 2180 136 2209 a
152 2180 301 2210 varietate
314 2180 447 2209 collium
460 2188 540 2219 quos
551 2179 650 2210 habet
663 2179 836 2212 Quirinalis
851 2185 950 2220 poitae

117 2222 197 2253 huic
211 2224 387 2262 proximus.

158 2267 235 2297 291.
259 2266 376 2307 Longa.²
393 2264 484 2305 pacis
506 2264 600 2302 mala]
638 2264 696 2295 Per
726 2267 830 2296 otium
860 2268 949 2298 enim

116 2309 216 2339 virtus
231 2310 442 2349 elanguescit,
466 2309 567 2348 gliscit
581 2308 724 2338 luxuria.

155 2353 227 2383 292.
259 2351 437 2392 Victumque
462 2351 621 2381 ulciscitur
647 2350 760 2390 orbem]
785 2352 852 2382 Nos
866 2354 948 2384 orbis

114 2395 247 2426 victores
261 2396 385 2433 domat,
410 2402 591 2435 expugnat,
616 2395 732 2433 perdit,
747 2396 837 2434 quasi
861 2403 896 2426 ut
910 2398 948 2427 il-

113 2438 176 2468 lata
190 2439 209 2468 a
222 2440 312 2470 nobis
329 2441 395 2469 orbi
413 2440 495 2469 victo
510 2440 595 2468 mala
609 2438 789 2468 ulciscatur.

155 2482 230 2513 294.
262 2483 316 2513 Ad
339 2482 428 2521 istos]
464 2482 579 2520 Aliqui
604 2480 730 2520 legunt,
753 2481 859 2520 Istros,
890 2485 949 2523 qui

112 2526 229 2563 populi
254 2531 330 2556 sunt
355 2527 392 2556 in
417 2526 523 2555 littore
549 2525 692 2564 Illyrico:
717 2526 771 2554 sed
786 2526 892 2556 minus
907 2528 947 2557 ad

113 2576 190 2597 rem.

155 2611 230 2641 295.
256 2611 374 2652 Colles]
397 2614 550 2651 Romam,
573 2621 646 2651 quae
671 2618 795 2651 septem
811 2612 946 2645 collibus

111 2652 312 2685 inaedificata.

155 2696 203 2725 Et
218 2697 344 2736 Sybaris
365 2698 467 2737 colles,
491 2697 557 2740 ξφ]
580 2699 709 2737 Luxus,
735 2700 845 2739 libido,
871 2700 944 2731 vitia

111 2739 245 2770 istarum
261 2742 391 2772 urbium
407 2743 528 2773 deliciis
552 2743 746 2782 perditarum
762 2756 768 2772 :
810 2753 885 2773 nam
903 2754 941 2774 eo

111 2783 246 2813 nomine
261 2784 344 2813 male
365 2786 538 2816 audiebant
550 2786 674 2825 Sybaris
688 2787 762 2816 urbs
778 2787 942 2825 Calabriae,

112 2824 244 2855 Rhodus
273 2827 380 2856 civitas
408 2830 436 2859 &
462 2828 570 2859 Insula
596 2831 629 2859 in
654 2830 732 2859 mari
757 2830 941 2869 Carpathio,

111 2866 247 2898 Miletus
263 2869 296 2899 in
309 2870 424 2900 finibus
437 2871 533 2901 Ioniae
550 2874 579 2902 δε
597 2872 709 2910 Cariae,
724 2874 811 2911 apud
827 2873 940 2903 Asiam

110 2911 290 2951 minorem,
317 2913 496 2944 Tarentum
517 2916 551 2945 in
572 2922 717 2946 extrema
733 2916 822 2946 ltalia
843 2916 882 2946 ad
897 2916 938 2945 si-

111 2962 194 2984 num
211 2956 355 2993 ejusdem
370 2958 519 2989 nominis,

154 2996 292 3037 Rhodos]
316 2999 395 3029 Haec
410 3001 514 3031 multo
527 3006 674 3042 tempore
688 3003 767 3033 mari
781 3002 944 3034 dominata

113 3045 171 3076 est,
193 3041 311 3071 Piratas
340 3043 532 3083 profligavit,
555 3045 707 3078 Romanis
736 3047 840 3077 amica
868 3047 942 3086 fuit,

114 3081 172 3112 διε.
197 3094 270 3124 quae
290 3085 388 3117 habet
414 3088 540 3127 Strabo,
566 3088 620 3120 lib.
637 3091 687 3122 14.
712 3090 943 3132 pulcherrima,

1008 1321 1037 1350 &
1066 1320 1177 1359 libera,
1216 1320 1351 1350 circuitu
1380 1326 1514 1350 centum
1545 1321 1677 1361 triginta
1705 1321 1846 1354 millium

1005 1373 1179 1402 passuum3
1207 1368 1276 1402 aut,
1291 1364 1317 1392 si
1335 1363 1453 1393 Isidoro
1470 1363 1640 1402 credimus,
1660 1366 1730 1395 103.
1754 1365 1845 1395 habi-

1004 1411 1069 1437 tata
1086 1407 1232 1445 urbibus,
1257 1407 1367 1444 inquit
1381 1406 1462 1436 Plin.
1476 1407 1531 1436 Iib.
1547 1409 1576 1436 5.
1593 1417 1666 1445 cap.
1684 1409 1738 1437 31.
1765 1408 1843 1439 Cla-

1003 1459 1071 1479 ram
1095 1449 1233 1479 Rhodon
1248 1456 1338 1479 vocat
1354 1449 1467 1479 Horat.
1494 1449 1549 1479 lib.
1568 1451 1597 1479 1.
1621 1450 1694 1480 Ode
1710 1453 1739 1481 7.
1777 1451 1843 1482 Mi-

1002 1493 1135 1523 rabilem
1179 1492 1271 1532 aeque
1310 1494 1338 1522 <Sc
1377 1492 1505 1522 beatam
1545 1492 1680 1523 exhibet
1719 1494 1842 1525 Pindar.

1003 1535 1139 1575 Olymp.
1165 1536 1238 1566 Ode
1256 1538 1286 1566 7.
1311 1536 1398 1566 ιὼίὲ
1416 1536 1578 1575 profundo
1594 1537 1689 1566 maris
1713 1544 1843 1568 enatam

1001 1580 1099 1617 canit,
1124 1582 1151 1609 δε
1166 1580 1311 1609 multum
1335 1580 1370 1609 in
1397 1589 1434 1609 ea
1457 1580 1576 1618 pluisse
1604 1589 1733 1610 aurum.
1781 1581 1841 1611 Ca-

1005 1623 1093 1652 saub.
1120 1623 1154 1651 in
1171 1633 1241 1662 cap.
1255 1624 1285 1652 2.
1309 1622 1364 1653 lib.
1382 1623 1433 1652 13.
1447 1623 1612 1652 Athenaei.
1658 1621 1773 1662 Solem,
1791 1624 1840 1654 in-

1001 1667 1085 1704 quit,
1109 1667 1193 1703 apud
1225 1676 1257 1696 se
1285 1669 1389 1695 natum
1414 1666 1579 1696 credebant
1605 1665 1732 1703 Rhodii,
1769 1665 1841 1697 hinc

995 1709 1150 1747 praecipud
1180 1709 1319 1739 colebant
1344 1709 1503 1749 religione,
1529 1709 1616 1747 eique
1645 1709 1839 1741 celebrabant

1000 1751 1111 1789 Halia,
1134 1752 1168 1780 id
1194 1755 1250 1790 est,
1279 1752 1402 1781 Festum
1426 1752 1526 1781 solie:
1560 1762 1632 1781 nam
1660 1750 1758 1787 ἷἈλιος
1779 1763 1839 1791 pro

1003 1792 1101 1828 Ἥλιος
1124 1794 1222 1824 Dores
1249 1795 1374 1824 dicunt.-
1413 1800 1501 1824 erant
1532 1795 1599 1824 vero
1627 1795 1681 1834 qui
1713 1796 1751 1825 ab
1780 1794 1838 1831 ἃλς

1000 1837 1165 1875 deducunt,
1184 1841 1358 1876 putantque
1387 1842 1609 1867 monumentum
1638 1848 1701 1867 esse
1728 1841 1839 1870 veteris

999 1877 1268 1920 ὃαλατῖοκςατίας.
1292 1880 1373 1909 Haec
1389 1880 1525 1910 Casaub.
1539 1881 1710 1910 Colossum
1725 1888 1835 1919 septu-

999 1924 1107 1963 aginta
1124 1924 1240 1953 cubitis
1253 1924 1370 1962 altum,
1395 1924 1476 1952 inter
1500 1923 1581 1952 orbis
1606 1924 1760 1952 miracula
1785 1934 1834 1955 os-

998 1968 1135 1995 tentavit
1150 1967 1297 2005 Rhodus,
1307 1966 1410 1996 donec
1428 1973 1513 1995 terrae
1528 1972 1620 1995 motu
1639 1971 1833 2004 prostratum

997 2009 1186 2048 aliquandiu
1210 2010 1321 2048 postea
1348 2010 1515 2038 mercatori
1541 2009 1681 2038 vendidit
1707 2010 1833 2040 Sarace-

996 2060 1112 2081 norum
1139 2053 1223 2090 Rex,
1237 2054 1318 2082 cirea
1343 2061 1466 2081 annum
1494 2052 1611 2082 Christi
1638 2055 1832 2083 sexcentesi-

995 2104 1088 2124 mum
1105 2096 1416 2135 quinquagesimum
1435 2095 1588 2132 tertium3
1612 2096 1650 2124 ab
1676 2104 1716 2124 eo
1744 2095 1834 2126 Rho-

996 2137 1065 2168 dios
1099 2139 1301 2169 colossenses
1328 2145 1457 2168 vocatos
1481 2137 1639 2167 affirmant
1662 2138 1773 2168 Suidas
1801 2141 1832 2170 ὅζ

995 2182 1069 2219 alii3
1096 2184 1124 2212 δε
1141 2183 1180 2212 ad
1195 2182 1253 2211 hos
1271 2182 1432 2220 propriam
1447 2182 1486 2210 ab
1502 2181 1661 2219 Apostolo
1678 2182 1829 2219 scriptam

993 2222 1174 2263 Epistolam
1191 2226 1395 2255 contendunt
1410 2224 1572 2261 nonnulli,
1591 2224 1646 2253 scd
1661 2224 1767 2262 plures
1780 2235 1829 2255 re-

991 2266 1165 2308 fragantur.
1210 2268 1319 2298 Insula
1335 2269 1403 2297 haec
1420 2268 1525 2306 paruit
1536 2268 1673 2295 subinde
1688 2266 1828 2305 Impera-

991 2313 1111 2342 toribus
1137 2311 1515 2350 Constantinopolitanis,
1538 2310 1613 2339 dein
1635 2310 1826 2350 Saracenis3

991 2356 1109 2391 quibus
1130 2355 1316 2394 ademptam
1344 2355 1477 2393 Equites
1494 2354 1601 2383 Sancti
1616 2352 1749 2382 Joannis
1765 2353 1826 2384 Hi-

991 2399 1231 2438 erosolymitani
1259 2405 1435 2428 tenuerunt
1465 2397 1503 2426 ad
1541 2405 1667 2425 aunum
1696 2396 1825 2426 millesi-

990 2449 1085 2472 mum
1101 2443 1402 2482 quingentesimum
1417 2440 1608 2479 vigesimum
1623 2439 1803 2470 secundum
1815 2451 1824 2469 ε

991 2493 1058 2522 quo
1088 2492 1234 2525 tempore
1250 2485 1456 2515 Solimannus
1475 2482 1580 2511 Turca
1607 2484 1826 2523 expugnavit,

991 2529 1243 2558 concedentibus
1266 2529 1298 2557 in
1315 2527 1461 2556 Melitam
1479 2524 1624 2554 Insulam
1640 2525 1824 2564 Equitibus.

992 2570 1117 2602 Gellius
1144 2572 1196 2601 lib.
1224 2573 1252 2601 7.
1275 2580 1343 2608 cap.
1370 2571 1399 2597 3.
1424 2568 1543 2597 Civitas
1558 2567 1750 2606 thcliensz's,
1773 2570 1823 2599 in-

990 2615 1073 2653 quit,
1096 2615 1243 2654 &Insulae
1258 2611 1495 2652 opportunitate,
1519 2612 1541 2648 ᾇ,-
1568 2621 1690 2650 operum
1715 2612 1824 2641 nobili.

989 2660 1064 2696 tate,
1089 2661 1111 2696 ‘S'
1137 2657 1307 2697 navigandi
1331 2654 1470 2692 solertia,
1494 2655 1712 2692 navalibusque
1726 2655 1822 2684 victo-

985 2700 1040 2730 riis
1054 2701 1209 2731 celebrata
1225 2704 1270 2729 est
1308 2721 1443 2728 .....
1481 2697 1635 2736 Superbia>
1648 2697 1760 2726 crimen
1774 2699 1823 2728 in-

985 2745 1093 2783 currit,
1118 2743 1177 2773 &c.
1222 2740 1312 2772 'Vide
1340 2742 1404 2771 Sat.
1432 2742 1462 2770 8.
1500 2750 1563 2770 ver.
1596 2742 1664 2770 113.
1689 2743 1717 2771 δε
1746 2741 1822 2771 ibid.

984 2789 1110 2818 Annot.
1128 2787 1165 2816 ad
1182 2795 1307 2823 vocem,
1323 2783 1467 2814 Rhodios.

1027 2831 1100 2861 296.
1124 2828 1319 2866 Coronatum,
1331 2830 1488 2867 petulans,
1504 2824 1676 2866 madidum]
1698 2826 1820 2857 Taren-

985 2874 1045 2903 tini
1069 2872 1213 2903 solebant
1244 2871 1375 2901 floribus
1404 2872 1547 2901 coronati
1576 2870 1821 2910 unguentisque

984 2918 1103 2955 perfusi
1116 2920 1313 2955 compotare‚
1327 2915 1406 2945 ebrii
1417 2915 1504 2954 vero,
1522 2921 1559 2944 ut
1573 2913 1620 2952 fit,
1634 2913 1818 2951 petulantes

987 2965 1085 2990 erant.

1029 3004 1104 3034 297.
1129 3002 1276 3033 Obscaena
1292 3000 1440 3043 pecunia]
1463 3001 1565 3038 Cujus
1580 2998 1734 3031 habendae
1751 3006 1819 3038 gra·

988 3047 1030 3078 tia
1045 3047 1126 3076 nihil
1140 3057 1207 3077 non
1220 3047 1410 3076 obscoenum
1426 3045 1615 3079 admittitur.

1031 3090 1154 3132 Mores]
1177 3090 1278 3130 Vitia,
1300 3089 1431 3129 flagitia.
