1948 3281
692 96 879 139 PERSII
919 94 1138 138 SATIRA
1175 95 1237 139 ΙΙ.
1760 102 1842 144 285

111 183 249 227 ‘Nlens
282 185 408 235 bona,
442 184 568 237 fama,
604 184 718 236 fides,
752 186 843 227 haec
878 185 1002 236 clare,
1035 184 1074 226 ὅτ.
1106 193 1152 225 ut
1182 181 1406 234 audiatsmt
1431 187 1550 237 arima<
1573 198 1676 238 sanus,
1700 190 1777 221 hona
1799 204 1848 244 ex:

293 244 457 298 hospes·
1334 231 1729 313 3522'315‘15521255‘0{3553;’.¹·2².‘.‘.
1742 240 1848 308 27:2⁷2?

121 300 196 341 Illa
213 299 289 342 sibi
307 300 549 349 introrsum,
567 299 606 340 Sc
622 300 697 341 sub
716 300 857 357 lingua
879 300 1168 341 immurmurat
1186 315 1196 340 ε
1231 300 1257 339 ὂ
1271 298 1303 340 si
1334 318 1438 344 tei-uns
1458 295 1618 354 percipiat.
1667 320 1712 348 At
1735 330 1848 352 avarus

119 357 278 398 Ebullit
301 358 432 413 patrui
457 357 698 413 praeclarum
719 360 846 399 funus
868 359 876 400 l
913 360 965 399 Et
987 359 1013 399 ὂ
1035 357 1069 399 si
1270 356 1395 398 1ΟῆΨο
1418 368 1528 427 -chffllh
1551 360 1646 420 tintus?
1670 363 1692 399 ἐκ
1711 363 1765 392 sub
1790 364 1835 393 lin

119 414 207 456 Sub
231 427 356 457 rastro
379 426 512 470 crepet
535 417 688 472 argenti
712 416 816 457 mihi
838 415 938 457 seria
960 416 1100 456 dextro
1328 407 1848 488 ssg‘fy‘llss‘fff{2ssnsffss'n‘ssfissfg‘jld-Iffif

122 473 304 514 Hercule
320 473 328 514 l
362 474 615 528 pupillumve
633 474 807 524 utinam,
823 488 947 530 quem
965 474 1174 528 proximus
1190 473 1318 514 haeres
1334 475 1464 517 trifime}
1481 488 1493 516 ,Ι
1512 489 1615 528 Atque
1628 492 1757 528 utinm,
1769 494 1846 521 ami-

120 530 312 585 Impello,
337 546 570 588 expungam
590 532 598 572 l
634 532 830 586 Namque
853 543 913 572 est
931 531 1158 582 scabiosus,
1181 530 1221 571 &
1238 530 1317 571 aeri
1333 540 1365 559 0⁰
1382 531 1528 568 Hercule,
1551 533 1722 569 vasfictile
1737 546 1847 575 “rgen-

1333 577 1363 602 to
1379 574 1534 605 refertum
1558 576 1633 605 mrlri
1657 582 1772 607 resonet
1794 580 1849 608 sub

117 615 220 656 ligone
232 617 244 645 .'
271 618 298 646 O
309 618 336 646 si
352 619 399 647 rel
413 617 528 646 deleam
541 615 707 655 pupillum,
731 625 815 655 quem
831 615 971 653 insequor
985 613 1077 643 lueres
1092 622 1151 653 ego
1168 615 1297 644 maxime
1308 618 1498 657 propinquus
1510 618 1524 648 Κ
1551 618 1717 650 Enimvero
1731 621 1849 653 laborat

117 659 307 701 hiipedgitze,
324 663 345 698 ᾀ-
362 660 526 690 vehementi

162 804 193 834 8.
219 804 309 835 i'lsens
324 806 414 845 bona]
437 807 592 838 Juvenal.
610 806 674 836 Sat.
692 805 742 834 10.
784 847 789 852 Ι

195 848 349 879 orandum
376 854 421 879 est
446 856 479 880 ut
507 851 547 878 sir
571 859 652 879 mens
676 858 753 878 ,ςαηιι
778 857 811 876 ιη
836 856 958 886 corpore

248 902 331 922 sano.

120 933 233 964 Senec.
259 935 362 974 Epist.
384 937 435 966 94.
459 936 547 974 Ηηςα
565 937 671 965 honam
688 937 829 971 mentem,
853 933 959 963 bonam

117 977 318 1007 valetudinem
334 979 441 1017 animi,
464 980 573 1008 driade
588 977 729 1017 coa-poris.

162 1020 242 1049 Haec
260 1022 357 1061 clare]
394 1023 535 1053 Honesta
554 1023 607 1052 illa
623 1028 694 1051 vota
710 1019 817 1060 aperte
834 1029 959 1050 nuncu-

120 1070 251 1101 pantur,
276 1066 305 1094 dc
326 1071 362 1095 ut
385 1067 483 1096 audiri
499 1067 537 1095 ab
561 1066 686 1104 hospite
700 1073 765 1094 non
784 1064 886 1102 pudor
901 1064 960 1103 fit3

119 1106 183 1143 vel,
206 1107 274 1137 haec
299 1108 381 1139 clare
410 1115 566 1149 petuntur
581 1108 620 1138 ad
637 1107 861 1138 ostentandam
888 1117 959 1146 pro-

117 1147 278 1189 bitatem3
304 1152 391 1182 unde
417 1153 443 1182 ἃ
472 1152 573 1182 audiri
595 1152 634 1181 ab
660 1151 728 1181 aliis
748 1149 877 1180 affectat
908 1151 960 1180 ille

119 1193 178 1231 qui
195 1199 350 1232 precatur.
398 1195 483 1226 Vide
499 1195 605 1235 supra.

167 1235 298 1276 Hospes]
321 1239 456 1270 Ponitur
471 1250 528 1278 pro
543 1239 689 1278 quolibet
703 1241 840 1267 externo
855 1247 861 1265 ε
887 1246 958 1276 pro-

119 1278 188 1316 prie
203 1281 277 1310 vero
300 1281 415 1312 dicitur
431 1284 487 1321 qui
507 1288 593 1312 tecto
609 1282 731 1320 exeipit
755 1281 959 1319 peregrinum

120 1322 150 1350 «sc
167 1329 352 1362 externum,
377 1327 494 1365 pariter
518 1328 546 1355 Sc
572 1325 628 1364 qui
653 1324 825 1364 excipitur.
869 1323 958 1353 Tull.

120 1374 178 1402 pro
192 1366 345 1404 Dejotaro
358 1380 368 1407 3
392 1368 455 1398 Pcr
470 1369 607 1399 dextram
623 1368 726 1407 istam,
750 1376 841 1406 quam
855 1365 961 1406 hospes

119 1406 233 1446 hospiti
242 1411 419 1448 perrea-isli.

120 1449 217 1481 Ovid.
230 1452 484 1494 Metamorphos.
503 1455 532 1485 1.

203 1494 278 1525 Non
292 1495 396 1536 hospes
410 1499 448 1527 ab
464 1498 582 1537 bospite
594 1501 690 1527 tutus.

163 1537 197 1568 9.
225 1538 285 1569 Illa
308 1540 366 1570 sibi
395 1541 572 1581 intrantia]
603 1541 763 1574 Quaedam
787 1541 865 1570 vero
892 1550 960 1572 non

121 1579 184 1610 nisi
199 1582 296 1620 clam,
319 1584 402 1614 intra
417 1584 539 1624 dentes,
556 1586 585 1614 &
599 1585 686 1615 intus
701 1590 810 1623 petere
827 1584 960 1623 audent,

120 1623 243 1654 scilicet
258 1635 466 1666 quaecunque
482 1628 627 1667 improba
651 1634 728 1658 sunt
757 1629 784 1656 ὃς
808 1627 960 1657 inhones-

122 1671 165 1695 ta.
212 1667 348 1707 Duplex
365 1671 462 1710 igitur
476 1671 586 1710 culpat
595 1672 663 1701 voti
674 1680 796 1711 genus;
820 1671 961 1701 alterum

119 1710 209 1747 quod
236 1712 421 1752 introrsum,
446 1715 476 1744 8c
503 1714 639 1744 seductis
665 1715 760 1748 Diis3
791 1714 887 1752 quale
915 1720 962 1744 est

119 1751 200 1782 illud
215 1756 303 1794 apud
320 1756 432 1787 Horat.
455 1758 524 1787 loco
540 1758 593 1787 cit.
615 1757 668 1786 lib.
687 1760 715 1786 1.
740 1756 843 1796 Epist.
862 1757 913 1786 16.
931 1758 960 1786 &

119 1797 208 1834 apud
221 1797 318 1828 Ovid.
332 1799 404 1831 loco
418 1801 514 1830 etiarn
530 1809 610 1830 mox
624 1800 721 1830 allato
735 1799 819 1830 Fast.
835 1800 865 1829 5.
881 1809 960 1839 qua-

116 1837 161 1867 lia
173 1840 271 1871 etiam
284 1848 362 1873 sunt
377 1853 450 1882 qua:
466 1844 519 1874 hic
535 1849 641 1874 noster
653 1844 777 1873 Persius
790 1842 881 1872 affert
895 1856 901 1872 :
919 1843 962 1873 al-

121 1888 226 1913 terum
241 1889 288 1914 est
302 1887 390 1924 quod
416 1887 457 1916 sit
481 1887 521 1916 ad
543 1887 804 1920 ostentationem,
828 1892 865 1915 ut
880 1886 962 1924 dixi,

120 1925 149 1954 ἃ
166 1926 260 1965 clare,
276 1929 305 1958 δε
316 1929 449 1968 aperte3
474 1931 562 1969 quod
579 1931 606 1959 ἅ
621 1929 722 1960 audiri
737 1929 881 1968 petitur3
905 1940 961 1960 vo-

117 1972 238 2008 catque
249 1970 372 2003 Persius
389 1983 537 2003 murmur
554 1976 583 2003 δε
597 1973 759 2004 humilem
771 1982 950 2003 susurrum.

165 2013 214 2042 10.
237 2013 380 2055 Ehullit]
415 2016 486 2055 Pro,
517 2016 668 2046 ebullierit
679 2026 694 2051 ,·
731 2016 814 2045 sicut
846 2015 960 2056 dedim,

120 2063 190 2093 pro,
213 2057 366 2094 declerim;
388 2058 484 2098 viret,
508 2069 577 2099 pro,
600 2059 739 2097 vixisset,
762 2058 889 2088 AEneid.
908 2061 959 2090 11.

118 2106 184 2127 ver.
205 2099 277 2131 118.
300 2103 445 2141 metaph.
460 2104 500 2132 ab
514 2113 600 2142 aqua
617 2103 805 2139 ebulliente,
822 2111 894 2141 quae
912 2103 959 2133 in-

120 2143 273 2172 tumescit
288 2145 317 2174 &
335 2144 451 2175 effluit.
496 2146 543 2175 Ita
566 2146 629 2185 legi
643 2145 780 2176 affirmat
797 2146 957 2175 Casaubo-

118 2193 183 2213 nus
211 2186 247 2215 in
281 2188 511 2227 antiquissimis
540 2189 712 2219 codicibus.
756 2188 839 2218 Vide
865 2189 956 2219 Prov.

119 2234 192 2265 cap.
209 2231 260 2258 15.
282 2239 346 2260 ver.
367 2233 400 2262 2.
416 2232 505 2270 vulg.
526 2231 603 2261 edit.
625 2232 695 2262 Cic.
709 2231 807 2261 Tusc·
831 2233 861 2261 3.
886 2242 956 2271 cap.

119 2270 174 2308 42,
198 2272 255 2302 ἃς.
303 2272 463 2305 Nonnulli
487 2274 683 2313 refragantur
701 2279 825 2314 tamen,
845 2276 874 2304 ἀ
892 2285 958 2305 ma-

117 2312 205 2353 lunt,
227 2315 356 2355 ebulkt,
380 2318 420 2347 ab
435 2316 549 2356 ebullo,
565 2327 600 2347 as
612 2329 622 2346 .·
649 2323 685 2347 ut
701 2318 740 2347 sit
755 2327 878 2355 sensus,
895 2319 957 2348 uti-

116 2365 192 2387 nam
211 2360 301 2390 velut
314 2360 403 2390 bulla
413 2365 565 2400 appareat
578 2362 607 2390 Sc
621 2361 728 2390 statim
754 2361 865 2398 postea
887 2370 958 2391 eva-

120 2406 253 2441 nescat3
278 2403 451 2434 alludendo
467 2404 506 2434 ad
523 2404 605 2434 illud
627 2404 775 2434 Terentii
790 2403 956 2433 Varronis:

118 2440 203 2472 homo
216 2445 307 2476 bulla.
353 2447 466 2485 Hujus
480 2447 615 2487 quidem
631 2447 797 2477 sententiae
813 2452 957 2477 auctores

118 2486 258 2522 priorem
273 2491 364 2520 velut
379 2491 526 2530 ineptam
538 2490 725 2530 suggillant,
735 2489 791 2519 sed
806 2500 873 2529 quo
883 2491 957 2528 jure

117 2537 184 2560 non
199 2531 303 2563 video.

161 2571 290 2614 Patrai]
313 2576 428 2606 Patrai
443 2577 525 2607 dixit
548 2577 654 2616 potius
671 2576 769 2615 quam
786 2576 837 2605 avi
853 2578 957 2616 optari

117 2622 270 2656 mortem,
292 2620 374 2650 forte
398 2621 474 2660 quia
495 2621 606 2659 patrui
635 2619 851 2659 utplurimum
883 2629 957 2651 cen-

121 2660 194 2688 sura
209 2661 349 2699 molesti,
374 2670 412 2694 ut
425 2664 492 2694 dixi
510 2664 575 2694 Sat.
594 2665 624 2692 1.

118 2700 163 2735 Et
179 2702 292 2734 Horat.
314 2707 369 2737 lib.
383 2708 415 2737 3.
440 2707 513 2737 Ode
532 2708 582 2736 12.

205 2746 381 2779 Metuentes
391 2755 514 2790 patruoe
528 2750 653 2779 verbera
667 2748 793 2789 linguae.

161 2787 351 2822 Praeclarum
354 2792 457 2830 sunus
468 2794 497 2833 l]
533 2793 599 2823 Vel
626 2793 788 2822 funalibus
814 2792 958 2831 splendi-

118 2831 214 2870 dum,
238 2834 266 2863 δι
281 2842 438 2874 apparatu
455 2837 485 2866 ὗε
502 2837 714 2875 exequiarum
730 2837 852 2875 pompa
867 2846 955 2876 mag-

121 2876 265 2907 nificum.
310 2878 425 2918 Virgil.
441 2879 568 2910 AEneid.
590 2882 640 2909 11.
656 2888 720 2908 ver.
741 2880 810 2908 143.

193 2917 226 2947 F
224 2930 349 2951 unereas
363 2931 489 2960 rapuere
491 2923 596 2960 faces,
620 2922 699 2951 lucet
713 2923 764 2951 via
779 2920 870 2961 longo

197 2962 521 3004 Ordffleflammamm,
537 2969 560 3005 «ξς
574 2965 638 2995 late
651 2965 842 2995 discriminat
853 2974 957 3005 agros.

120 3005 196 3043 Vel,
220 3007 308 3045 quod
322 3007 441 3038 haeredi
462 3009 554 3038 avido
568 3008 791 3048 expetendum
808 3009 835 3035 &
854 3016 957 3045 quaes-

120 3054 252 3079 tuosum
276 3050 344 3080 erit.
389 3049 531 3083 Quidam
561 3061 617 3091 per
640 3051 741 3081 funus
770 3050 959 3090 intelligunt

120 3092 327 3131 sepulcrum:
366 3099 402 3126 ut
424 3104 536 3125 sensus
552 3096 593 3127 sit
609 3107 615 3123 z
653 3095 781 3126 utinam
797 3094 957 3134 aperiatur

1003 804 1031 831 «Sc
1049 808 1120 832 ruat
1146 812 1202 841 per
1227 812 1260 832 se
1284 806 1390 843 patrui
1406 806 1470 836 mei
1491 807 1693 847 sepulcrum,
1717 814 1754 840 ut
1769 812 1847 843 cum.

1002 846 1120 875 violare
1137 846 1165 875 ἆ-
1181 856 1333 885 rumpere
1349 849 1429 879 illud
1444 860 1510 880 non
1528 851 1680 889 audeam,
1703 854 1787 884 certe
1802 856 1848 887 sie

1003 888 1159 927 adipiscar
1183 899 1301 919 aurum
1328 890 1360 920 in
1387 902 1425 922 eo
1441 893 1631 924 conditum:
1657 897 1777 935 nempe
1793 908 1848 929 ve-

1005 938 1086 961 teres
1101 941 1214 962 secum
1238 933 1398 970 jubebant
1421 945 1494 966 suos
1518 937 1687 967 thesauros
1708 941 1847 979 sepeliri.

1003 974 1046 1005 Et
1069 974 1234 1014 Joseplius
1259 976 1355 1007 refert
1382 979 1399 1008 ὲ
1424 979 1557 1009 Davidis
1583 981 1731 1019 sepulcro
1756 990 1850 1016 eruta

1003 1019 1203 1048 talentorum
1219 1020 1287 1049 auri
1300 1020 1359 1050 tria
1373 1022 1474 1052 millia
1489 1023 1528 1052 ab
1546 1023 1702 1060 flucano,
1725 1027 1784 1064 qui
1800 1028 1846 1058 sic

1005 1061 1043 1091 ab
1061 1061 1229 1092 obsidente
1255 1071 1289 1092 se
1305 1064 1475 1095 Antiocho
1499 1066 1667 1096 redemerit
1691 1066 1772 1100 datis
1786 1074 1850 1101 tre-

1004 1105 1118 1135 centis.
1159 1106 1238 1135 Haec
1254 1110 1363 1137 tamen
1375 1109 1488 1147 opinio
1504 1110 1612 1140 minus
1627 1111 1739 1142 aridet.
1777 1113 1848 1144 Alii

1005 1149 1173 1186 explicant
1193 1158 1319 1187 vocem,
1344 1151 1543 1190 Praeclarum,
1568 1154 1659 1192 quasi
1674 1155 1731 1193 qui
1747 1155 1853 1188 funus

1004 1197 1097 1229 optat
1126 1192 1230 1222 videre
1260 1194 1377 1232 patrui,
1399 1196 1472 1232 ejus
1502 1198 1630 1226 tantum
1655 1198 1789 1237 gloriam
1817 1201 1847 1230 ἀ

1003 1234 1162 1264 honorem
1190 1235 1308 1266 intueri
1329 1238 1494 1278 videatur3
1519 1249 1586 1269 non
1608 1249 1702 1270 suam
1719 1243 1848 1282 cupidi-

1004 1283 1104 1308 tatem
1120 1279 1299 1309 ostendere.

1049 1322 1099 1350 11.
1133 1321 1195 1351 Sub
1210 1322 1322 1361 rastro]
1359 1323 1412 1354 Ne
1425 1325 1550 1363 mirere,
1568 1326 1657 1365 quod
1671 1327 1742 1358 viro
1754 1328 1847 1362 diviti

1003 1373 1041 1393 ac
1056 1365 1156 1394 nobili
1174 1370 1309 1395 rastrum
1330 1368 1480 1398 attribuat
1494 1368 1630 1408 Persius,
1653 1380 1730 1401 cum
1747 1374 1849 1405 etiam

1004 1408 1044 1436 ab
1083 1414 1184 1438 aratro
1210 1409 1412 1440 Dictatorem
1449 1418 1621 1443 evocatum
1660 1413 1848 1456 viderimus,

1006 1449 1072 1480 Sat.
1090 1453 1118 1481 1.
1143 1451 1263 1481 scilicet
1289 1454 1484 1492 agricultura
1506 1465 1624 1495 magno
1647 1462 1713 1486 erat
1729 1458 1763 1488 in
1786 1460 1850 1491 ho-

1004 1502 1082 1523 nore
1097 1495 1184 1534 apud
1202 1494 1362 1525 Romanos
1377 1506 1384 1524 z
1413 1507 1473 1527 nec
1489 1498 1618 1529 homini
1633 1500 1748 1538 probro
1764 1508 1845 1543 erat,

1003 1546 1102 1567 suum
1119 1547 1173 1578 per
1188 1547 1222 1567 se
1233 1546 1347 1578 agrurn
1361 1540 1473 1570 colere.

1049 1579 1176 1620 Crepet]
1204 1581 1239 1611 Id
1266 1587 1326 1620 est,
1345 1583 1535 1619 jucundum
1558 1586 1639 1616 mihi
1663 1586 1738 1618 edat
1763 1591 1847 1621 soni-

1004 1629 1077 1654 tum
1095 1629 1219 1664 reperta
1235 1625 1386 1656 fodiendo
1404 1628 1433 1656 δε
1451 1632 1567 1658 terram
1583 1630 1746 1661 vertendo.

1047 1667 1149 1706 Seria]
1173 1668 1236 1698 Vas
1264 1674 1438 1700 testaceum
1462 1672 1654 1712 oblongum,
1679 1675 1768 1712 quod
1795 1686 1848 1707 oc—

1003 1711 1166 1741 cultatum
1194 1712 1234 1741 sit
1257 1721 1315 1741 seu
1341 1713 1485 1744 hostium
1512 1724 1570 1744 seu
1592 1714 1704 1745 furum
1730 1725 1845 1760 metu3

1005 1759 1087 1783 testa
1102 1755 1195 1793 porro
1210 1761 1299 1785 terrae
1316 1755 1432 1786 infossa
1446 1767 1515 1787 non
1532 1759 1697 1798 putrescit,
1720 1760 1796 1791 hinc
1808 1763 1845 1793 in

1005 1797 1094 1826 seriis
1121 1798 1149 1826 Sc
1180 1798 1250 1827 ollis
1277 1798 1444 1829 thesauros
1480 1801 1681 1832 infodiebant
1711 1809 1846 1836 veteres.

1007 1839 1085 1869 Inde
1101 1847 1148 1870 est
1165 1840 1270 1871 Plauti
1286 1842 1468 1873 Aulularia.

1006 1882 1050 1912 Et
1063 1883 1178 1913 Horat.
1191 1884 1245 1913 lib.
1261 1885 1292 1913 2.
1309 1885 1374 1913 Sat.
1394 1886 1423 1915 6.

1083 1926 1111 1955 Ο
1125 1927 1153 1956 si
1168 1937 1273 1956 urnam
1290 1929 1413 1967 argenti
1415 1928 1492 1966 sors
1507 1940 1566 1968 qua
1580 1930 1654 1960 milii
1667 1936 1825 1964 monstret.

1048 1969 1168 1999 Deoetro
1180 1970 1313 1999 Hercule
1323 1969 1352 2011 f]
1369 1972 1523 2011 Propino,
1539 1974 1680 2004 favente.
1728 1976 1843 2009 Horat.

1003 2012 1075 2042 loco
1095 2023 1174 2043 mox
1200 2014 1255 2051 cit,
1279 2014 1376 2043 amico
1398 2015 1541 2045 Hercule.
1589 2018 1655 2047 Hic
1679 2019 1769 2049 enim
1795 2031 1843 2051 re-

1003 2056 1168 2087 cludendis
1194 2057 1350 2086 thesauris
1375 2059 1542 2096 praesidere
1567 2061 1780 2102 credebatur3
1803 2065 1845 2094 si-

1004 2106 1060 2129 cut
1088 2100 1267 2130 Mercurius
1299 2108 1410 2138 aperto
1434 2102 1526 2132 lucro
1553 2104 1580 2133 ἃ
1610 2105 1843 2143 negotiationi:

1003 2148 1143 2182 uterque
1160 2146 1252 2182 porro
1271 2145 1440 2182 repentino
1456 2146 1484 2174 ἂ
1506 2146 1715 2185 inexpectato
1729 2148 1842 2190 lucr03

1003 2187 1089 2216 unde
1119 2188 1148 2217 Sc
1174 2187 1285 2216 Lucrii
1302 2186 1357 2215 Dii
1383 2189 1600 2227 appellantur.
1646 2191 1771 2221 Arnob.
1786 2193 1841 2224 lib.

1002 2230 1031 2259 4.
1047 2229 1151 2260 Plaut.
1165 2230 1296 2260 Mostel.
1342 2230 1375 2261 Is
1390 2231 1439 2260 vel
1454 2231 1585 2261 Herculi
1596 2237 1751 2262 conterere
1763 2245 1843 2274 quae-

1001 2275 1081 2302 stum
1091 2274 1218 2312 possiet.
1264 2273 1305 2303 Et
1319 2273 1451 2304 Diodor.
1469 2275 1568 2305 Sicul.
1596 2277 1650 2306 lib.
1673 2278 1702 2306 5.
1724 2287 1793 2317 cap.
1809 2280 1842 2311 2.

1003 2316 1097 2346 refert
1123 2317 1301 2347 Herculem
1327 2318 1366 2347 ad
1393 2318 1551 2348 honorem
1578 2319 1636 2348 sibi
1658 2319 1843 2352 aPalatinis

1002 2358 1205 2398 impensum,
1229 2360 1366 2399 dixisse3
1407 2370 1460 2390 eos
1489 2362 1546 2399 qui
1573 2362 1641 2399 sibi,
1665 2368 1843 2402 postquam

1001 2402 1041 2431 ad
1068 2402 1157 2433 Deos
1183 2404 1352 2433 translatus
1378 2410 1469 2441 esset,
1493 2405 1653 2434 decimam
1679 2406 1842 2439 bonorum

1001 2444 1156 2485 dicarent,
1193 2448 1293 2477 vitam
1332 2447 1460 2477 felicem
1491 2448 1651 2477 victuros:
1691 2451 1779 2487 quod
1811 2453 1842 2482 <Sc

1001 2491 1144 2519 evenisse
1167 2491 1370 2530 experientia
1391 2491 1555 2520 docuerit:
1583 2492 1611 2520 δι
1627 2489 1806 2524 factitatum
1823 2496 1842 2524 ὲ

1000 2530 1143 2563 Lucullo
1158 2534 1380 2563 Rornanorum
1396 2533 1549 2563 ditissimo
1561 2534 1697 2573 aliisque
1709 2535 1818 2567 fuerit.

1046 2576 1097 2604 12.
1122 2576 1296 2615 Papinum]
1330 2577 1413 2606 Puer
1439 2583 1488 2606 est
1514 2577 1573 2606 sub
1597 2577 1710 2607 tutoris
1736 2586 1842 2618 potes-

1000 2623 1066 2648 tate
1081 2620 1288 2656 constitutus,
1311 2619 1415 2648 donec
1444 2629 1501 2658 per
1525 2624 1654 2650 aetatem
1680 2622 1731 2651 sui
1758 2624 1841 2661 juris

1000 2660 1068 2699 fiat,
1083 2663 1109 2691 Sc
1121 2672 1253 2693 suorum
1270 2663 1338 2701 ipse
1353 2663 1514 2693 bonorum
1527 2663 1840 2697 administrationem

1001 2712 1157 2743 capessat.

1048 2747 1141 2780 Quem
1152 2749 1311 2787 proximus
1325 2747 1418 2778 lraeres
1432 2748 1571 2788 impello]
1607 2749 1717 2783 Quem
1733 2752 1842 2781 subse·

1000 2800 1084 2829 quor
1116 2792 1266 2830 proxime
1291 2792 1326 2821 in
1354 2793 1466 2822 ordine
1488 2794 1653 2823 haeredum
1683 2795 1842 2824 secundo·

1002 2843 1093 2863 rum:
1118 2834 1168 2863 vel
1184 2836 1238 2864 cui
1252 2844 1325 2864 sum
1342 2836 1544 2875 pupillariter
1559 2836 1764 2867 substitutus.

1045 2879 1097 2907 13.
1120 2877 1265 2916 Impello]
1299 2877 1449 2918 Metaph.
1465 2880 1504 2909 ab
1522 2880 1558 2908 iis
1574 2880 1632 2918 qui
1645 2889 1712 2909 sese
1725 2880 1758 2924 in
1773 2884 1840 2910 tur-

999 2921 1039 2949 ba
1053 2921 1290 2959 comprimunt,
1312 2929 1348 2951 ut
1364 2923 1454 2952 citius
1468 2922 1722 2962 progrediantur.

1042 2962 1271 3003 Expungaml]
1294 2964 1443 3004 Metaph.
1464 2966 1516 2995 vel
1540 2966 1557 2993 a
1577 2965 1658 2994 Jure
1674 2964 1782 3003 Civili,
1806 2965 1840 2995 in

1001 3015 1067 3045 quo
1084 3008 1109 3036 is
1125 3006 1319 3047 dispungere
1334 3009 1452 3038 dicitur
1467 3008 1525 3047 qui
1550 3014 1656 3037 mutat
1669 3008 1840 3047 quidpiam

1001 3050 1037 3079 in
1053 3050 1168 3080 tabulis
1184 3052 1381 3090 testamenti,
1398 3053 1426 3080 δε
1443 3059 1644 3089 expungere,
1660 3051 1718 3089 qui
1733 3052 1839 3081 delet:

1002 3093 1053 3124 vel
1080 3093 1097 3123 ὲ
1121 3103 1153 3123 re
1176 3093 1317 3124 militari.
1363 3094 1483 3124 Milites
1508 3092 1609 3131 enim,
1633 3096 1779 3134 expungi
1794 3096 1841 3125 di-
