1948 3281
77 73 166 114 350

667 67 855 110 PERSII
888 63 1106 108 SATIRA
1134 60 1218 108 VI.

76 157 806 215 tantisperremotusapzeb2,aus.Quisquis
828 155 921 206 eris,
953 155 1122 211 paulum
1146 155 1172 196 a
1191 153 1309 196 turba
1326 152 1545 207 seductior,
1576 150 1687 196 audi.

77 208 173 236 culta.
238 204 266 234 0
280 206 353 234 bone
368 206 427 242 vir,
451 214 491 233 an
509 204 590 234 illud

77 247 203 279 nescis?
228 248 399 286 Imperator
419 247 502 277 misit
525 249 589 276 lau-

604 217 642 257 O
668 216 789 264 bone,
813 228 915 254 num
939 226 1101 269 ignoras
1122 213 1136 252 ?
1172 211 1306 254 Missa
1325 221 1386 252 est
1405 211 1433 253 ὲ
1454 212 1617 254 Caesare
1637 211 1775 252 laurus

78 302 144 321 rum
167 292 202 321 oh
218 295 353 331 stragem
370 291 590 320 memorandam
604 271 819 327 Insignem
839 269 894 311 ob
915 269 1073 311 cladem
1096 269 1320 311 Germanae
1342 268 1477 324 pubis,
1512 269 1551 310 δε
1571 268 1647 310 aris

68 335 247 374 juventutis
265 333 469 363 Germanica:
500 336 592 371 “tque
606 328 793 384 Frigidus
815 327 1022 369 excutitur
1042 326 1173 368 cinis:
1207 342 1253 368 ac
1269 325 1358 381 jam
1382 325 1566 381 postibus
1587 340 1714 375 arma,
1746 325 1800 366 45

73 377 270 416 jamfaiilla
284 377 413 417 frigida
435 380 592 405 amovetur

76 422 117 451 ab
133 420 282 450 altaribus
293 430 314 448 :⁷
327 422 349 457 ὃς
365 420 499 449 t'aesrmz'a
514 427 593 447 nunc

604 388 698 427 Jam
720 385 958 448 chlamydas
975 385 1155 440 Regum,
1181 382 1268 438 jam
1290 384 1399 425 lutea
1420 398 1595 439 gausapa
1616 382 1762 437 captis,

80 474 182 502 arma,
195 473 275 492 nunc
290 463 516 492 paludamenta
532 460 592 489 Im·
606 443 855 499 ESSCdaque,
888 451 1156 498 Ingentesque
1178 441 1282 483 local
1307 439 1503 483 caeSOnla
1525 441 1709 482 Rhenus.

73 511 253 545 peratorum
268 506 395 536 collocat
409 505 452 534 ad
464 506 571 533 valvas
585 502 784 541 templorum
796 511 807 541 3
831 510 912 530 nunc
923 505 1014 540 parat
1028 499 1159 540 captivis
1168 509 1310 541 gausapa
1317 500 1419 540 flava,
1434 500 1457 537 ξ·
1473 507 1591 538 currus,
1606 500 1629 536 ἐς
1643 497 1806 529 Rhenum

73 559 227 589 proceros.

125 735 178 765 42.
202 733 333 763 Paulum
348 732 367 762 ἀ
385 730 475 761 turba
491 728 664 772 seductior]
689 730 878 769 Postpositis
895 731 924 760 <Sc

81 778 235 818 neglectis
251 776 341 816 vulgi
357 774 578 814 opinionibus,
603 772 797 814 ignorantia,
814 773 903 804 odio.

83 822 167 852 Pers.
182 821 248 850 Sat.
265 822 295 849 5.
322 829 373 848 ver
401 818 444 849 96

302 862 456 892 Secretam
467 860 582 901 gannit
596 860 627 889 in
645 869 757 890 aurem.

124 908 177 937 43.
205 905 232 935 O
247 905 333 944 boue,
349 915 418 934 uum
432 903 598 945 ign071157]
639 904 776 933 Adeone
803 913 836 932 es
864 902 923 934 im-

81 951 203 989 peritus
230 958 350 985 rerum,
376 955 411 977 ut
442 949 566 987 ignores
593 956 666 985 quae
702 946 828 985 publice
856 946 920 983 jac-

80 992 212 1023 tantur?
237 992 348 1022 Nescis
374 991 497 1020 nemini
526 990 622 1019 licere
644 997 710 1018 non
726 998 794 1019 esse
810 989 921 1019 libera-

80 1036 147 1066 lem
174 1037 207 1066 in
236 1036 345 1064 laetivia
373 1034 556 1071 communi,
582 1035 610 1063 δε
634 1032 773 1070 jubente
790 1033 919 1062 munifi-

79 1079 220 1110 centiam
244 1076 463 1117 Imperatore?

124 1122 228 1152 Missa
254 1125 300 1151 est
326 1123 343 1150 ἀ
362 1120 479 1150 Caesare
506 1117 624 1155 laurus]
673 1117 783 1148 Nescis
800 1119 918 1149 Caium

80 1165 265 1205 Caligulam
285 1164 404 1194 misisse
430 1162 468 1192 ad
487 1162 518 1192 S.
535 1161 566 1191 P.
587 1160 627 1193 Q.
647 1162 682 1192 R.
698 1162 805 1191 literas
831 1162 921 1191 lauro

81 1213 248 1239 coronatas
265 1209 293 1237 δι
310 1208 431 1245 vinctas
456 1206 515 1244 (ex
541 1204 647 1243 more)
668 1206 695 1234 δι
714 1205 921 1243 triumphum

78 1251 208 1292 jussisse
246 1251 358 1290 parari,
395 1249 482 1288 qnod
523 1248 700 1278 Germanos
743 1247 923 1285 debellarit,

81 1301 183 1334 atque
206 1295 237 1325 in
257 1294 408 1324 omnium
434 1293 518 1321 bona
542 1292 595 1329 jus
620 1292 658 1321 ab
675 1300 713 1320 eo
729 1291 841 1320 datum
858 1291 923 1320 suis

84 1337 354 1378 procuratoribus,
388 1342 424 1366 ut
450 1335 494 1365 ait
519 1336 653 1365 Sueton.
683 1335 754 1364 loco
776 1343 855 1363 mox
880 1335 923 1364 ci-

82 1380 191 1413 tando.

129 1423 264 1463 Caesare]
302 1422 333 1452 A
350 1422 433 1453 Julii
451 1421 581 1452 Caesaris
597 1421 795 1459 temporibus
811 1430 925 1451 omnes

82 1467 295 1507 Imperatores
306 1467 444 1497 Caesares
458 1465 622 1505 appellati.

126 1510 264 1550 Laurus]
288 1510 403 1540 Literae
418 1508 582 1545 laureatae,
605 1507 645 1537 de
662 1507 780 1546 quibus
797 1507 879 1537 sicut
895 1508 923 1537 Sc

83 1554 125 1585 de
152 1554 244 1584 lauro
269 1553 408 1583 victoriae
436 1552 549 1581 indice.
597 1550 677 1580 Plin.
701 1550 754 1579 lib.
776 1552 825 1579 15.
849 1560 919 1589 cap.

84 1598 139 1628 30.
160 1596 229 1627 Tit.
243 1596 314 1626 Liv.
330 1596 385 1625 lib.
403 1596 432 1624 5.
464 1593 630 1624 Ammian.
646 1592 790 1623 Marcell.
803 1593 857 1623 lib.
872 1595 922 1623 15.

84 1640 225 1671 Martial.
252 1639 306 1669 lib.
334 1641 364 1669 7.
392 1637 556 1677 Epigram.
584 1637 617 1673 4,
649 1637 681 1674 5,
713 1638 742 1666 7.
779 1636 808 1665 ὅ(
836 1636 922 1666 alibi.

86 1685 161 1713 Mos
177 1688 244 1713 erat
256 1683 348 1720 olim,
364 1687 401 1711 ut
417 1681 544 1720 quoties
560 1679 677 1717 insigni
695 1679 823 1708 victoria
839 1680 922 1709 Con-

85 1727 171 1757 sules
187 1725 280 1766 potiti
297 1730 413 1762 essent,
437 1724 478 1754 ob
496 1733 542 1753 res
557 1722 703 1761 prosperi³
721 1729 833 1761 gestas,
856 1723 924 1751 lau-

85 1770 178 1800 reatis
208 1769 345 1799 fascibus
374 1766 509 1806 praelatis
545 1765 741 1795 incederent.
803 1765 925 1795 Literas

84 1814 183 1843 etiam
197 1813 353 1842 laureatas
368 1811 503 1840 lx'omam
517 1808 615 1846 mitti,
628 1815 685 1838 aut
698 1807 835 1838 nuncios
849 1818 925 1838 cum

82 1856 198 1894 jaculis
212 1855 359 1885 laureatis
372 1854 534 1891 advenire,
543 1861 727 1890 navemque
748 1852 923 1882 laureatam

85 1906 143 1929 aut
156 1899 303 1929 vittatam
320 1897 420 1928 felicis
437 1896 573 1925 victoriae
599 1904 758 1924 nunc.um
784 1903 865 1933 esse,
889 1905 924 1924 ac

84 1942 159 1973 laeta
186 1943 214 1972 δι
238 1950 356 1980 inagna
380 1939 566 1980 significare,
588 1937 847 1968 animadversum
864 1943 923 1968 est.

85 1986 184 2017 Alex.
200 1985 240 2014 ab
256 1985 352 2014 Alex.
372 1984 426 2012 lib.
448 1985 477 2019 1,
494 1992 564 2021 cap.
576 1982 629 2012 27.

127 2029 178 2059 44.
205 2028 359 2068 Insignem
374 2026 410 2056 ob
425 2025 555 2064 cladem]
580 2023 716 2061 Ironice,
738 2023 778 2053 de
792 2023 925 2054 Germa-

84 2071 158 2102 nica
184 2081 251 2101 una
276 2069 429 2109 Caligulae
457 2068 682 2108 expeditione,
705 2068 741 2097 in
755 2077 820 2106 qua
844 2068 927 2098 nihil

83 2115 221 2156 dignum
237 2113 332 2144 laude
349 2113 388 2142 ab
403 2121 441 2142 eo
453 2119 578 2152 gestum
590 2119 647 2141 est.
692 2109 775 2139 Vide
791 2111 927 2140 Sueton-

84 2159 119 2188 in
136 2157 294 2198 Caligula,
317 2166 387 2195 cap.
414 2157 466 2185 45.
491 2156 520 2184 δε
547 2163 613 2193 seq.
638 2154 695 2183 ubi
723 2153 927 2192 Imperatoris

85 2201 200 2231 stolida
212 2200 361 2238 ambitio,
374 2198 525 2238 fictaeque
540 2197 679 2228 victoriae
697 2196 889 2225 referuntur.

131 2244 290 2274 Germanae
318 2241 426 2282 pubis]
483 2241 676 2272 ,Iuventutis
713 2239 923 2269 Germanicae.

88 2287 225 2327 Synecd.
272 2286 366 2316 Porro
390 2284 565 2315 Germania
587 2283 696 2322 ampla
720 2288 768 2311 est
783 2281 924 2321 Europae

88 2331 173 2371 regio
197 2330 271 2361 satis
298 2329 419 2368 cuique
446 2332 540 2358 nota:
567 2327 660 2364 cujus
686 2325 799 2365 populi
818 2334 926 2364 quon-

84 2374 159 2403 dam
174 2374 353 2410 Teutones,
376 2371 493 2401 dehinc
511 2369 703 2406 Alemanni,
726 2368 835 2408 postea
847 2368 926 2399 Ger-

86 2417 175 2446 mani
191 2416 295 2447 vocati
319 2421 406 2446 sunt.
453 2414 577 2451 Strabo,
600 2413 663 2442 alii.

130 2459 352 2500 Arisfrigidus
365 2457 518 2487 excutitur
531 2455 623 2494 cinis]
647 2455 684 2485 ld
699 2459 759 2491 est,
776 2456 930 2493 postremi

87 2501 230 2532 sacrificii
245 2502 358 2532 residui
383 2502 504 2531 cineres
529 2504 734 2536 amoventur,
758 2507 860 2527 novus
885 2498 928 2537 ig-

87 2546 151 2583 nis,
173 2554 257 2575 nova
270 2554 354 2575 sacra
370 2545 601 2580 instaurantur,
625 2551 667 2571 ex
686 2550 799 2579 more3
826 2551 928 2580 quan-

86 2588 129 2619 do
146 2589 233 2619 enim
250 2588 406 2618 nunciata
433 2594 498 2617 erat
521 2585 664 2621 victoria,
687 2593 774 2614 sacra
800 2584 929 2623 publice

84 2631 218 2669 fiebant,
235 2631 273 2660 ad
287 2631 398 2670 gratias
416 2630 486 2661 Diis
500 2627 736 2669 persolvendas,
762 2628 790 2656 δε
808 2637 865 2666 pro
881 2627 929 2657 in-

84 2675 275 2705 columitate
289 2674 538 2711 Imperatorum.
574 2671 750 2702 Testantur
766 2670 844 2709 Dio,
858 2670 929 2700 He-

87 2718 251 2755 rodianus,
269 2718 297 2746 &
312 2716 373 2745 alii.

130 2763 183 2791 45.
205 2759 352 2790 Postibus
367 2758 467 2797 arma]
491 2758 673 2789 Enumerat
689 2766 803 2788 omnes
817 2756 931 2786 trium-

86 2805 150 2845 phi.
162 2809 344 2844 apparatus.
392 2801 469 2832 Jam
484 2802 684 2840 templorum
698 2801 795 2831 valvis
807 2809 863 2829 seu
879 2809 931 2829 co-

86 2846 315 2885 lumnisjubet
328 2845 417 2884 affigi
436 2854 472 2873 ac
500 2845 654 2883 suspendi
680 2853 768 2875 arma
781 2843 931 2879 hostibus

86 2891 240 2926 detracta,
253 2897 435 2926 eorumque
447 2887 560 2926 spolia.

85 2933 200 2975 Virgil.
216 2930 346 2962 AEneid.
360 2933 389 2962 7.

170 2976 339 3014 Ilsultaque
349 2974 500 3014 praetered
511 2972 607 3002 sacris
619 2972 650 3002 in
662 2973 803 3011 postibus
815 2983 913 3012 arma,

174 3018 297 3058 Captivi
320 3017 457 3059 pendent
479 3024 599 3058 currus,
622 3025 779 3056 curvoeque
799 3026 929 3056 secures,

213 3063 272 3092 ἃς.

969 729 1087 761 Horat.
1102 729 1157 760 lib.
1173 731 1193 760 4
1220 729 1283 759 Od.
1300 728 1361 759 ult.

1055 773 1099 803 Et
1112 774 1203 814 signa
1216 777 1316 802 nostro
1331 771 1464 801 restituit
1475 770 1547 801 Jovi

1055 815 1191 856 Direpta
1208 815 1392 846 Parthorum
1406 815 1540 854 superbis
1551 813 1694 855 postibus.

1011 859 1062 890 46.
1088 859 1273 899 Clzlamydas
1288 858 1424 898 Regum]
1450 857 1681 888 Paludamenta
1697 856 1804 897 Impe-

968 909 1107 932 ratorum
1137 903 1165 932 &
1194 903 1326 933 Ducum
1354 902 1573 931 subactorum.
1618 901 1725 930 Vestis
1738 908 1805 932 erat

967 946 1121 985 militaris,
1140 945 1236 984 pallio
1251 945 1375 974 brevior
1392 946 1419 975 δι
1437 944 1580 980 strictior,
1596 944 1689 982 cujus
1706 954 1802 974 usum

966 987 1122 1019 Romanis
1157 988 1282 1018 invexit
1311 987 1421 1017 Numa
1453 987 1628 1026 Pompilius
1658 986 1805 1027 (auctore

969 1031 1083 1069 Sinda>
1101 1032 1258 1071 lega-ione
1280 1030 1460 1060 Isaurorum
1476 1031 1621 1068 accepta,
1649 1032 1676 1059 δε
1701 1029 1803 1060 forma

964 1075 1091 1104 habitus
1119 1084 1231 1104 eorum
1257 1073 1485 1110 animadversa,
1518 1077 1639 1102 vestem
1671 1072 1804 1112 Regiam

964 1127 1039 1147 cum
1057 1117 1223 1148 Senatoria
1238 1118 1450 1156 conjungens.
1496 1115 1550 1146 De
1566 1117 1653 1145 variis
1666 1116 1805 1146 vestium

966 1162 1136 1200 generibus
1155 1160 1224 1190 vide
1240 1160 1340 1189 Alex.
1356 1161 1395 1189 ab
1412 1159 1510 1188 Alex.
1527 1159 1578 1188 lib.
1594 1160 1623 1188 5.
1638 1168 1709 1197 cap.
1732 1159 1780 1188 18.

1012 1204 1111 1233 Lutea
1120 1213 1264 1243 gausapa
1278 1200 1393 1243 captis]
1416 1202 1532 1231 Vestes
1549 1202 1698 1231 militares
1715 1202 1804 1232 villo-

967 1257 1027 1285 saS‚
1051 1248 1151 1277 crocei
1175 1246 1284 1276 coloris
1299 1258 1304 1274 :
1329 1252 1501 1275 stramenta
1519 1245 1636 1283 quibus
1651 1245 1681 1274 in
1697 1246 1804 1275 castris

969 1294 1108 1321 utuntur
1124 1291 1253 1325 milites,
1276 1288 1293 1318 ὲ
1311 1289 1448 1328 pellibus
1463 1287 1558 1325 facta,
1582 1288 1803 1326 preparariju-

968 1333 1024 1363 bct
1051 1334 1197 1373 captiviS‚
1223 1332 1342 1371 quibus
1366 1331 1412 1361 illi
1440 1331 1557 1368 induti,
1579 1340 1621 1360 ex
1647 1340 1748 1368 more,
1771 1332 1805 1362 in

968 1377 1138 1416 triumpho
1165 1376 1335 1406 ducantur.
1381 1374 1434 1403 De
1464 1384 1603 1414 gausape
1633 1373 1703 1402 vide
1731 1384 1805 1412 qua:

969 1418 1107 1450 Martial.
1133 1420 1187 1450 lib.
1207 1419 1261 1449 ult.
1289 1417 1452 1457 Epigram.
1470 1417 1525 1454 29,
1552 1417 1580 1445 δε
1607 1418 1677 1446 145.
1723 1416 1803 1446 Prae-

968 1464 1053 1492 terea
1070 1473 1221 1502 gausapa,
1244 1461 1309 1490 sive
1326 1461 1490 1500 gausapia‚
1514 1466 1552 1490 ut
1566 1466 1612 1488 est
1626 1459 1712 1498 apud
1726 1460 1806 1490 Pris-

967 1505 1050 1536 cian.
1077 1507 1130 1536 lib.
1159 1508 1189 1535 4.
1212 1510 1289 1535 sunt
1316 1504 1438 1543 tapetia
1472 1504 1537 1532 sive
1577 1503 1808 1541 peristromata,

966 1550 1083 1587 quibus
1098 1559 1217 1579 mensa:
1232 1551 1401 1586 teguntur,
1412 1551 1493 1577 teste
1506 1546 1678 1585 Scaliger-o.

1010 1593 1167 1623 Martialis
1202 1591 1312 1621 citreas
1348 1599 1474 1620 mensas
1509 1589 1702 1629 gausapibus
1740 1589 1804 1629 tegi

967 1636 1117 1674 ostendit,
1140 1635 1171 1664 id
1195 1640 1256 1672 est,
1281 1632 1443 1672 tapetibus
1471 1632 1625 1672 pretiosis,
1646 1631 1698 1662 vel
1714 1641 1805 1663 man-

966 1681 1094 1711 tilibus:
1119 1677 1174 1708 lib.
1191 1678 1248 1707 ult.
1269 1679 1296 1706 1.
1311 1678 1341 1706 7.
1355 1676 1520 1715 Epigram.
1539 1674 1610 1705 158.

1056 1720 1194 1751 Nobilius
1207 1719 1315 1750 villosa
1333 1723 1441 1759 tegant
1457 1718 1513 1748 tibi
1520 1727 1661 1760 gausapa
1677 1718 1797 1748 citrum.

967 1767 1054 1798 Vide
1070 1766 1155 1795 Pers.
1170 1765 1234 1794 Sat.
1247 1765 1278 1793 4.
1294 1772 1357 1792 ver.
1370 1763 1424 1792 37.

1013 1812 1066 1841 47.
1088 1806 1281 1846 Essedaque]
1314 1806 1486 1846 Belgarum
1512 1806 1541 1835 δι
1567 1804 1805 1836 Germanorum

969 1852 1223 1884 Rhenicolarum
1241 1849 1406 1886 vehicula,
1426 1849 1443 1878 ὲ
1458 1849 1574 1888 quibus
1588 1848 1665 1878 olim
1683 1848 1806 1889 depug-

969 1897 1104 1934 nabant,
1128 1896 1156 1925 ἃ
1174 1899 1312 1923 rotarum
1326 1892 1549 1932 ingruentium
1572 1890 1720 1929 strepitu,
1744 1891 1805 1921 im-

970 1946 1130 1980 petuque,
1145 1937 1289 1967 hostium
1304 1935 1430 1965 ordines
1446 1933 1651 1974 proterebant
1665 1939 1723 1964 aut
1734 1943 1805 1973 pet-

971 1983 1153 2013 turbabant.

969 2026 1083 2066 Virgil.
1096 2023 1245 2063 Georg'oe.
1261 2024 1294 2052 3.

1058 2067 1188 2107 Belgica
1204 2066 1252 2094 vel
1264 2065 1348 2096 molli
1362 2064 1559 2103 metiusseret
1571 2064 1675 2094 esseda
1687 2062 1778 2094 collo.

974 2112 1104 2142 Horum
1122 2111 1150 2139 δε
1167 2109 1317 2139 meminit
1329 2109 1434 2138 Caesar
1446 2108 1633 2139 Commeat.
1649 2107 1703 2137 lib.
1721 2108 1755 2145 4,
1778 2108 1805 2138 ὅ(

972 2157 1003 2185 5.
1028 2155 1068 2184 de
1081 2153 1172 2185 Bello
1189 2152 1334 2182 Gallico:
1360 2153 1388 2181 Sc
1403 2152 1467 2181 alii.

1012 2199 1216 2238 Ingentesque
1242 2193 1323 2225 locat
1354 2194 1491 2225 Coesom'a
1515 2192 1652 2232 Rhenos]
1673 2193 1810 2224 Accolas

971 2241 1088 2278 Rheni,
1112 2239 1236 2278 grandis
1261 2244 1397 2269 staturae.
1446 2238 1534 2267 Suet.
1565 2237 1666 2277 Calig.
1681 2239 1710 2266 7.
1735 2246 1809 2276 cap.

970 2286 1023 2316 47.
1049 2283 1222 2313 Galliarum
1249 2291 1365 2320 quoque
1386 2278 1629 2320 procerissimum
1654 2289 1810 2319 quemque,

970 2338 1009 2358 ac
1024 2325 1187 2357 nonnullos
1202 2324 1218 2353 ὲ
1234 2323 1428 2363 Principibus
1453 2323 1532 2363 legit
1553 2333 1591 2352 ac
1612 2322 1744 2361 seposuit
1766 2321 1811 2351 ad

967 2380 1122 2411 pompam.
1170 2368 1239 2397 Hos
1253 2377 1366 2397 omnes
1388 2365 1547 2405 triumphi
1562 2371 1733 2405 apparatus
1747 2365 1810 2394 dis-

973 2415 1068 2454 ponit
1094 2411 1239 2442 Caesonia
1279 2420 1334 2449 per
1369 2415 1597 2449 procuratores,
1632 2408 1683 2437 vel
1719 2408 1810 2446 ipsa;

973 2458 1099 2497 quippe
1131 2463 1203 2493 quae
1240 2454 1333 2483 bellis
1361 2454 1460 2482 etiam
1489 2460 1556 2481 sese
1584 2450 1806 2481 immiscebat:

973 2507 1153 2539 quamque,
1177 2501 1215 2526 ut
1229 2496 1324 2526 refert
1344 2496 1479 2525 Sueton.
1494 2503 1565 2533 cap.
1582 2495 1634 2524 25.
1661 2493 1810 2533 Caligula

972 2541 1051 2582 step&
1074 2540 1231 2580 chlamyde
1252 2538 1411 2578 peltaque,
1434 2539 1456 2576 ἐς
1477 2535 1573 2577 galeti
1599 2540 1738 2566 ornatam
1761 2546 1812 2565 ar-

973 2591 1159 2624 matamque,
1173 2585 1196 2622 ⁴⁵5
1204 2582 1305 2621 juxta
1317 2580 1542 2621 adequitantem
1553 2579 1699 2609 militibus
1715 2583 1813 2609 osten·

975 2630 1076 2660 (lebat.

1020 2671 1174 2710 Caesonia]
1199 2669 1355 2709 Caligula:
1372 2678 1467 2705 uxor,
1489 2667 1607 2697 mulier
1628 2665 1755 2706 perditae
1772 2664 1814 2694 li·

975 2716 1091 2746 bidinis
1119 2717 1146 2744 ἃ·
1176 2714 1312 2744 lascivia:
1337 2713 1376 2741 ab
1409 2711 1604 2748 Imperatore
1630 2714 1813 2740 constanter

975 2759 1134 2794 adamata,
1158 2758 1212 2787 cui
1226 2756 1324 2786 etiam
1348 2754 1504 2794 pliiltrum
1518 2754 1683 2782 miscuisse
1697 2753 1724 2781 δε
1743 2759 1814 2790 pro-

976 2801 1103 2840 pinasse
1118 2801 1245 2830 dicitur.
1290 2796 1388 2831 Quod
1401 2796 1506 2826 scribit
1517 2796 1683 2835 Josephus
1695 2794 1812 2833 Antiq.

975 2845 1031 2874 lib.
1050 2845 1099 2874 19.
1124 2845 1152 2874 ἀ
1168 2845 1304 2873 Sueton.
1328 2850 1399 2879 cap.
1416 2841 1466 2868 50.
1514 2839 1670 2876 Creditur,
1692 2837 1814 2876 inquit,

968 2888 1150 2927 potionatus
1178 2887 1197 2916 ἁ
1229 2883 1366 2915 Caesonia
1396 2892 1487 2912 uxore
1517 2882 1666 2911 amatorio
1695 2880 1814 2920 quidem

972 2931 1205 2968 medicamento,
1237 2928 1292 2957 sed
1327 2926 1407 2965 quod
1444 2925 1476 2954 in
1499 2925 1642 2962 furorem
1678 2922 1813 2953 verterit.

971 2973 1057 3003 Vide
1073 2971 1226 3003 Juvenal.
1249 2972 1315 3001 Sat.
1330 2970 1361 2999 6.
1384 2978 1449 2998 ver.
1467 2968 1541 3004 610,
1556 2969 1584 2997 Sc
1601 2968 1675 2997 615.
1702 2965 1813 3004 ibique

973 3022 1124 3047 annotat.

1017 3058 1154 3098 Rhenes]
1189 3056 1314 3089 Rhenus
1337 3054 1455 3087 fluvius
1485 3055 1622 3096 Europa:
1651 3050 1816 3084 celeberri-
