1948 3281
695 54 885 98 PERSII
918 52 1134 97 SATIRA
1163 53 1220 97 V.

91 144 283 203 AEgaeum
307 145 448 202 rapias,
471 144 550 187 nisi
570 145 694 188 solers
716 145 874 187 luxuria
894 154 986 187 ante

89 205 312 246 Seductum
336 213 524 255 moneat3
556 203 641 259 quo
663 202 824 254 deinde,
849 203 989 244 insane
1011 200 1116 243 ruis?
1152 201 1277 258 Qud?

87 260 199 317 Quid
224 261 294 302 tibi
318 261 376 302 vis
397 262 410 302 ?
454 260 600 303 Calido
623 260 698 302 sub
721 270 881 315 pectore
903 258 1084 302 mascula
1105 258 1195 302 bilis
1291 280 1379 315 ,dm

89 317 312 370 Intumuit,
335 333 458 374 quam
482 334 566 360 non
587 317 802 360 extinxerit
826 331 926 358 urna
946 316 1108 358 cicutae.

86 375 197 416 Tun'
221 389 330 416 mare
353 375 550 417 transilias
569 376 582 416 ?
616 375 710 417 Tibi
734 374 840 417 torta
862 373 1042 415 cannabe
1063 373 1168 414 fulto

89 430 222 472 Coena
243 433 294 474 sit
317 432 357 473 in
381 444 552 474 transtro
573 435 586 474 P
620 432 979 486 Veientanumque
1002 430 1202 472 rubellum

85 487 259 530 Exhalet
280 490 424 545 vapida
443 491 587 532 laesurn
611 490 700 545 pice
721 489 870 530 sessilis
893 488 1030 530 obba?

1289 451 1398 490 virilis,
1422 463 1512 492 quam
1534 453 1676 492 amphora
1692 457 1800 488 cicuta.-

1290 547 1370 566 mare
1385 538 1597 568 transcurras?
1621 540 1673 569 An
1693 545 1725 570 tu
1742 553 1799 572 οω-

86 587 155 607 nam
169 579 269 617 capies
285 579 315 608 in
332 584 477 617 transtro,
490 581 579 609 nisus
592 580 677 618 ⁸fune
690 580 828 609 intorto?
855 579 906 608 An
922 580 944 616 ὁ·
958 588 1012 608 vas
1023 577 1124 608 sedere
1133 582 1245 617 potens
1258 580 1377 610 emittat
1392 581 1450 611 tibi
1466 581 1594 612 odorem
1609 583 1675 613 vini
1688 585 1798 616 subru-

86 620 133 650 hri
151 620 310 651 Veientani
321 623 514 662 picefietidcz
531 623 661 663 corrupti
674 622 688 651 3¹

873 690 1002 699 ———-

131 763 202 791 142.
227 761 365 805 AEgaeum
381 764 498 803 rapias]
520 763 640 803 Rapide
657 773 815 803 percurras
832 772 917 794 mare

87 802 248 844 AEgaeum,
265 811 292 837 ὁὶ·
309 808 475 846 quodlibet
489 807 584 837 aliud.
629 807 846 846 Synecdoche.

128 847 281 889 AEgaeum]
306 851 402 880 Maris
418 850 642 881 Mediterranei
664 851 753 880 sinus
777 856 824 880 est
846 860 915 880 am-

86 889 258 930 plissimus,
275 894 430 924 Graeciam
455 894 537 923 inter
562 894 590 922 ὅ(
616 894 725 923 Asiam
748 893 918 925 minorem.

84 931 133 961 Ita
155 942 296 974 vocatur,
312 937 361 966 vel
375 937 414 966 ab
429 935 531 976 AEgeo
546 936 668 966 Thesei
682 942 782 975 patre,
807 936 855 966 vel
879 938 918 968 ab

86 973 186 1015 AEgea
202 979 407 1010 Amazonum
424 979 555 1018 Regina,
571 980 627 1018 qui
643 980 675 1008 in
691 990 729 1008 eo
745 979 918 1018 perierunt.

86 1017 150 1047 Vel
172 1021 210 1050 ab
232 1023 310 1053 urbe
333 1022 477 1052 Euboica
508 1021 609 1063 AEgae,
641 1028 675 1051 ut
699 1023 770 1052 vult
797 1023 919 1053 Strabo.

84 1059 207 1092 Plinius
224 1065 278 1094 lib.
295 1068 323 1096 4.
342 1075 412 1104 cap.
438 1066 543 1095 11.sic
567 1065 683 1094 habet:
716 1065 816 1105 AEgeo
842 1067 920 1096 mari

85 1112 189 1134 nomen
203 1107 286 1137 dedit
301 1108 441 1147 scopulus
457 1108 603 1138 Tenedum
617 1108 696 1137 inter
708 1110 730 1146 ‘S‘
743 1107 861 1146 Chium,
872 1119 919 1138 ve-

84 1146 148 1176 ritis
168 1152 257 1187 quam
272 1151 394 1188 Insula,
416 1151 484 1180 Aex
500 1151 627 1187 nomine,
651 1151 669 1180 ἁ
692 1152 789 1189 specie
803 1161 917 1190 caproe,

83 1198 149 1226 quoe
163 1191 208 1221 ita
225 1194 339 1224 Graecis
353 1198 488 1232 vocatur,
512 1193 595 1234 (αἲξ)
614 1194 644 1223 in
660 1194 756 1224 medio
774 1195 849 1224 mari
871 1205 916 1224 re-

79 1234 175 1269 pente
195 1235 332 1267 exiliens.

128 1276 226 1306 Solers
242 1279 376 1318 luxuria]
401 1279 537 1318 Blanda,
553 1280 678 1318 callida,
701 1279 868 1318 providens
883 1285 916 1310 te

84 1318 142 1348 sibi
169 1322 259 1351 velut
285 1323 421 1361 praedam
445 1323 535 1361 eripi,
559 1323 648 1352 velut
671 1323 869 1361 mancipium
887 1326 916 1353 <Sc

83 1369 211 1393 servum
226 1365 307 1394 elabi
324 1367 351 1395 Sc
370 1366 470 1404 perire
485 1366 553 1401 sibi,
579 1367 603 1395 si
617 1366 715 1395 semel
730 1367 871 1406 naviges,
887 1368 916 1397 δε

83 1407 217 1437 avaritiae
233 1413 264 1437 te
280 1409 444 1447 mancipes
460 1409 488 1437 Sc
504 1408 637 1437 addicas.

127 1447 280 1489 Luxuria]
303 1451 436 1481 Morum
461 1452 637 1488 dissolutio,
661 1451 767 1490 inquit
790 1451 916 1488 Festus,

83 1489 166 1522 sicut
181 1493 259 1524 luxa
274 1494 418 1524 membra
431 1494 645 1533 appellantur,
668 1504 740 1534 quae
763 1495 870 1525 soluta
886 1496 916 1526 ὅ(

84 1542 144 1563 suo
159 1535 229 1566 loco
244 1536 365 1566 dimota
381 1543 468 1567 sunt.

130 1578 200 1608 148.
216 1578 393 1618 seductum]
406 1581 587 1618 Deceptum
603 1580 696 1610 antea
712 1585 915 1620 corruptum-

85 1628 150 1658 que
161 1623 229 1651 suis
244 1622 398 1652 illecebris
413 1625 440 1651 Sc
455 1623 684 1661 voluptatibus.
728 1623 789 1652 Vel
802 1633 914 1655 sensus

84 1669 153 1692 est:
180 1665 240 1694 nisi
251 1665 392 1703 luxuria,
406 1666 581 1704 antequam
595 1667 700 1695 navim
709 1667 915 1705 conscendas,

84 1707 214 1737 monitis
235 1708 275 1737 ab
298 1709 440 1746 incoepto
462 1716 557 1738 cursu
579 1708 764 1739 dehortetur
776 1718 812 1738 ac
827 1719 915 1739 revo-

83 1755 135 1778 cet
150 1761 156 1778 :
196 1750 332 1781 ductum
362 1752 435 1780 vero
466 1751 635 1790 separatim
669 1756 702 1781 te
731 1751 915 1790 alloquitur,

83 1792 160 1828 quia
176 1794 271 1824 habet
285 1793 406 1832 aliquid
422 1793 626 1833 pudendum,
639 1794 725 1824 unde
740 1795 767 1824 ἀ
785 1795 915 1825 arbitros

86 1842 238 1866 removet.
291 1837 339 1867 At
373 1846 439 1866 non
469 1838 513 1866 ita
540 1836 620 1866 lucri
645 1837 816 1876 cupiditas,
848 1838 916 1868 imo

84 1879 190 1914 aperte
204 1881 288 1917 agit;
313 1882 351 1909 eo
364 1880 449 1918 quod
465 1880 631 1909 neminem
653 1879 757 1918 pudet
778 1889 845 1910 rem
871 1880 915 1910 fa-

83 1928 167 1959 cere,
185 1922 213 1951 δι
227 1932 353 1962 augere.

130 1962 195 1996 Qut}
221 1966 338 2004 deinde,
361 1965 476 2003 insane,
502 1966 576 2003 mis,
604 1964 671 2003 48⁶2]
708 1964 813 1994 Verba
841 1973 917 1996 sunt

84 2004 221 2036 luxuriae
235 2007 373 2038 Damam
389 2008 407 2037 a
421 2009 601 2048 navigando
613 2008 808 2038 deterrentis,

126 2047 252 2089 Insane]
289 2050 356 2083 Qui
371 2055 419 2081 tot
430 2052 593 2082 molestias
608 2052 637 2081 ὃς
653 2051 832 2082 discrimina
849 2061 916 2082 non

85 2099 208 2121 vereris.

130 2135 201 2164 144.
227 2134 309 2168 Quid
322 2135 379 2165 tibi
392 2135 436 2164 vis
447 2135 478 2176 .⁷]
513 2136 593 2169 Quae
617 2145 724 2175 menS,
747 2146 819 2177 quae
837 2138 915 2168 ratio

82 2180 117 2206 te
132 2176 240 2207 ducit?
263 2177 334 2207 Imo
350 2179 421 2217 quis
434 2178 520 2209 furor
532 2178 671 2218 abripit?

128 2218 236 2250 Calido
249 2221 303 2250 sub
313 2225 447 2259 pectore,
471 2219 541 2261 fica]
574 2221 666 2251 Unde
684 2222 758 2250 vero
773 2222 842 2252 haec
860 2223 916 2254 tibi

82 2261 225 2292 insania?
248 2265 302 2293 An
330 2274 372 2293 ex
399 2263 624 2294 effervescente
640 2263 714 2293 bili?
750 2263 845 2294 Forte
867 2266 917 2296 his

83 2304 208 2335 duobus
241 2307 400 2336 versiculis
436 2307 591 2336 iudicatur
630 2307 736 2337 Dama
773 2307 918 2339 adversus

82 2346 246 2379 luxuriam
259 2349 449 2388 fatigantem
463 2350 654 2387 obluctatus,
667 2349 707 2379 ad
719 2349 917 2382 iracundiam

85 2398 200 2429 usque.

126 2433 272 2464 Mascula
298 2433 380 2472 bilis]
422 2434 646 2465 Effoeminatos
675 2435 799 2465 animos
833 2443 920 2466 amat

83 2473 226 2515 luxuria,
250 2486 318 2506 non
340 2478 458 2507 mirum
483 2487 557 2517 ergo
572 2479 596 2507 si
611 2478 742 2508 damnat
756 2481 919 2509 masculam

84 2517 186 2557 bilem,
211 2520 297 2550 velut
309 2519 471 2558 furorem3
498 2522 525 2550 ἃ
552 2521 693 2551 Damam
717 2521 807 2551 velut
820 2521 920 2551 furio-

83 2569 167 2590 sum.
212 2562 306 2592 Porro
319 2563 402 2592 sicut
421 2563 535 2602 Virgil.
552 2563 669 2603 Ecioga
686 2563 715 2591 8.
741 2563 824 2593 dixit
839 2574 917 2594 mas·

84 2604 153 2632 cula
171 2603 272 2643 thura,
291 2606 335 2635 sic
350 2605 483 2644 Persius,
506 2605 591 2634 bilem
607 2604 784 2644 masculam,
806 2607 837 2636 id
859 2613 918 2646 est,

85 2645 201 2676 fortem
223 2649 252 2676 dc
267 2647 415 2684 validam,
430 2658 542 2686 quam,
558 2649 655 2678 Stoici
671 2654 775 2678 cotem
783 2648 917 2685 fortitu-

85 2688 166 2719 dinis
183 2689 351 2728 vocabant,
376 2692 473 2721 modo
497 2698 605 2721 tamen
622 2691 660 2720 ea
675 2700 740 2720 non
764 2697 800 2721 ut
823 2692 918 2733 duee,

87 2731 142 2760 sed
158 2735 194 2760 ut
210 2732 312 2761 milite
327 2737 503 2764 uterentur.

132 2774 202 2803 145.
218 2772 314 2807 Quam
324 2784 383 2804 non
392 2776 557 2806 extinxerit
569 2785 646 2806 urna
657 2775 775 2815 cicutae]
795 2775 918 2810 Quam-

87 2815 134 2844 vis
156 2817 309 2846 contraria
328 2819 487 2849 contrariis
515 2826 677 2856 curentur,
700 2825 732 2848 at
754 2819 919 2850 ardentem

88 2856 180 2888 istam
193 2858 292 2888 bilem
305 2860 360 2889 vix
382 2860 484 2892 levare
499 2869 557 2892 aut
571 2862 676 2891 sedare
692 2863 832 2899 potuerit
847 2872 919 2892 suc-

87 2909 144 2929 cus
166 2901 278 2930 cicutce
304 2902 551 2941 copiosissimus,
578 2905 606 2933 Sc
630 2904 725 2942 plena
751 2914 842 2941 urna,
867 2915 920 2935 vas

87 2944 350 2982 capacissimum3
374 2948 519 2983 quamvis
545 2947 597 2976 ille
620 2947 660 2975 sit
682 2946 762 2976 adeo
779 2946 921 2987 frigidus,

88 2989 127 3014 ut
147 2992 285 3016 mortem
312 2988 413 3025 pariat
439 2989 488 3019 vel
511 2990 665 3022 modicus.

712 2989 798 3020 Vide
812 2991 919 3030 supra,

88 3026 155 3058 Sat.
170 3030 198 3058 4.
215 3028 254 3058 ad
269 3039 298 3059 v.
313 3031 343 3060 2.

1007 761 1076 792 146.
1118 762 1196 792 Tun'
1224 773 1307 794 mare
1333 765 1488 796 transilias
1499 765 1532 805 ἓ]
1564 765 1613 797 Te
1641 767 1794 801 nimirum

961 806 1143 835 committes
1168 813 1233 836 tam
1260 807 1357 838 infido
1373 809 1549 847 elemento,
1565 810 1595 839 in
1612 819 1679 849 quo
1694 811 1735 841 sis
1750 813 1796 843 di-

957 848 1036 887 gitis
1060 849 1079 877 ἀ
1099 852 1193 878 morte
1218 854 1347 879 remotus
1370 854 1498 890 quatuor
1526 856 1581 882 aut
1612 857 1736 892 septem,
1769 856 1798 886 si

960 891 1000 919 sit
1024 891 1174 922 latissima
1201 892 1301 921 taeda:
1327 899 1363 922 ut
1376 894 1420 923 ait
1442 894 1611 925 Juvenalis
1635 897 1722 926 Satir.
1743 899 1794 929 12.

965 943 990 964 v.
1010 933 1060 962 58.
1104 934 1180 964 Tria
1195 934 1288 964 refert
1302 935 1504 975 Plutarchus,
1527 947 1668 976 quorum
1693 941 1796 977 poeni·

962 982 1042 1006 teret
1058 975 1215 1007 Catonem
1233 977 1436 1017 Censorium,
1449 989 1594 1010 arcanum
1610 982 1700 1011 uxori
1712 992 1796 1012 reve-

961 1019 1039 1049 lasse
1050 1029 1064 1054 ,·
1087 1020 1162 1050 diem
1176 1020 1312 1050 inutilem
1332 1023 1512 1062 transegisse
1520 1033 1535 1058 ,-
1563 1025 1587 1061 ἐς
1601 1025 1635 1053 ed
1655 1027 1797 1056 transmi-

960 1062 1034 1091 sisse
1057 1064 1139 1100 παι-ι’,
1168 1065 1224 1103 qud
1244 1064 1383 1102 pedestre
1408 1065 1467 1094 iter
1492 1075 1555 1095 esse
1577 1071 1692 1106 posset.
1745 1069 1799 1100 Ex·

962 1105 1074 1145 adagio
1089 1105 1214 1145 Graeco,

1004 1168 1153 1202 θαλάσση
1169 1171 1220 1201 aa!
1235 1169 1310 1211 vap,
1323 1170 1377 1202 xa?
1389 1171 1471 1212 γυμῆ
1487 1172 1569 1203 aaa&
1581 1171 1660 1215 τρία.

1007 1232 1075 1264 Tibi
1089 1234 1171 1264 tortd
1187 1235 1317 1264 cannabe
1321 1234 1422 1274 fulto,
1438 1236 1504 1275 ζα]
1526 1236 1636 1276 Tune,
1651 1237 1672 1267 ὁ
1687 1237 1797 1271 Marce

960 1274 1079 1312 Dama,
1101 1284 1138 1307 tu
1163 1278 1209 1307 vir
1232 1277 1407 1308 honoratus
1425 1279 1494 1316 jam
1512 1280 1540 1308 δε
1563 1280 1655 1318 liber,
1676 1284 1796 1320 poteris

959 1319 1069 1350 cibum
1084 1320 1116 1349 in
1132 1321 1206 1351 navi
1229 1330 1353 1360 capere,
1376 1321 1420 1351 ita
1435 1327 1472 1351 ut
1486 1331 1543 1361 pro
1565 1323 1656 1352 sedili
1678 1325 1796 1357 habeas

958 1361 1073 1393 funem
1098 1364 1281 1401 nauticum,
1305 1373 1363 1402 pro
1386 1373 1496 1394 mensa
1512 1371 1698 1405 transtrum,
1725 1376 1796 1405 per-

960 1406 1082 1436 mixtus
1098 1406 1216 1435 scilicet
1229 1415 1306 1435 cum
1321 1407 1494 1446 remigibus
1511 1409 1538 1438 ἀ
1556 1409 1661 1438 nautis
1675 1411 1794 1448 squali-

959 1447 1007 1477 dis
1035 1449 1063 1478 δε
1079 1449 1265 1488 agresfibm,
1280 1449 1339 1487 qui
1351 1450 1461 1480 solitus
1476 1459 1509 1479 es
1532 1450 1659 1481 mollius
1674 1453 1797 1492 sedere,

961 1489 1083 1522 beatius
1098 1492 1218 1529 vivere,
1240 1491 1340 1528 domi.
1366 1493 1400 1521 in
1415 1492 1492 1532 otio,
1514 1493 1598 1523 inter
1612 1493 1796 1536 familiares,

957 1532 1072 1571 nitide,
1085 1533 1232 1564 honeste.

1002 1575 1096 1607 Torta
1121 1576 1270 1615 cannabe]
1301 1577 1456 1607 Cannabis
1471 1582 1520 1608 est
1542 1588 1645 1618 genus
1661 1579 1797 1620 plantae,

957 1617 976 1646 ὲ
992 1629 1055 1658 qua
1069 1620 1163 1651 funes
1185 1620 1280 1658 fiunt,
1309 1621 1336 1651 δι
1361 1621 1526 1651 rudentes:
1550 1623 1617 1651 imo
1640 1623 1668 1653 δι
1692 1630 1796 1655 vestes

957 1663 1045 1700 apud
1057 1663 1208 1701 Thracas,
1222 1669 1286 1693 tam
1301 1663 1447 1700 subtiles,
1465 1670 1502 1695 ut
1513 1665 1604 1694 linea:
1617 1665 1795 1698 videantur.

959 1704 1114 1736 Herodot.
1133 1706 1188 1735 lib.
1206 1707 1236 1736 4.
1251 1715 1343 1737 num.
1363 1707 1435 1735 155.

1004 1749 1076 1779 147.
1101 1748 1248 1780 Transtro
1259 1747 1292 1787 ἓ]
1319 1748 1418 1778 Trabs
1433 1754 1479 1778 est
1494 1753 1680 1789 transversa,
1695 1761 1795 1784 scam·

959 1799 1041 1821 num
1059 1793 1087 1822 δι
1103 1791 1200 1822 sedile
1217 1792 1384 1831 remigum.
1408 1791 1518 1832 Virgil.

1426 1834 1582 1866 considite
1599 1837 1752 1868 transtris.

1007 1874 1206 1906 Veientanum
1219 1876 1377 1915 rubellum]
1400 1877 1526 1907 Vinum
1541 1878 1694 1918 ignobile,
1705 1889 1797 1920 sapo-

959 1918 997 1947 ris
1012 1919 1191 1957 injucundi,
1207 1929 1249 1949 ex
1262 1929 1336 1959 agro
1349 1920 1556 1958 circumjecto
1569 1920 1664 1951 Veios
1680 1922 1795 1955 urbem

961 1961 1133 2000 Hetruriae‚
1150 1972 1217 1992 non
1233 1963 1398 2001 proculab
1415 1963 1494 1993 urbe
1508 1963 1621 1994 Roma.

960 2003 1074 2036 Horat.
1091 2006 1147 2036 lib.
1162 2007 1194 2035 2.
1211 2007 1278 2036 Sat.
1293 2006 1324 2035 3.

1004 2048 1064 2081 Qui
1083 2049 1110 2078 V
1108 2047 1384 2085 eientanumfestis
1391 2051 1503 2086 potare
1517 2049 1620 2079 diebus

1003 2091 1162 2130 Campand
1176 2091 1286 2121 solitus
1301 2091 1406 2128 trulla,
1422 2101 1607 2130 vappamque
1616 2092 1775 2131 profestis.

1005 2135 1078 2164 148.
1094 2133 1229 2164 Exhalet
1243 2133 1372 2173 vapidzi]
1395 2134 1507 2164 Tetros
1523 2145 1654 2173 vapores
1670 2136 1793 2176 tibique

958 2176 1102 2207 insolitos
1116 2178 1277 2215 emittens,
1301 2177 1464 2207 fastidium
1481 2184 1566 2207 creet
1583 2180 1611 2207 Sc
1635 2179 1794 2218 aegritudi-

960 2228 1027 2257 nes,
1045 2221 1072 2250 ἃ
1097 2220 1225 2251 fortasse
1248 2224 1386 2250 mortem
1410 2225 1503 2249 extra
1526 2221 1671 2258 patriam.
1715 2222 1795 2253 Heu

960 2264 1028 2301 quo
1054 2263 1141 2294 ruis?
1178 2263 1305 2294 Lucelli
1329 2263 1449 2293 scilicet
1477 2263 1670 2301 aliquantuli
1696 2266 1796 2304 gratia

959 2305 1070 2343 perdas
1085 2307 1242 2344 quietem,
1260 2306 1452 2344 voluptatem,
1468 2305 1588 2336 vitam?

1003 2347 1121 2379 Laesum
1131 2349 1216 2388 pice]
1251 2347 1416 2378 infectum
1439 2358 1481 2377 ex
1511 2349 1606 2378 odore
1631 2348 1708 2387 picis
1731 2350 1798 2389 qua

961 2392 1050 2421 navis
1071 2393 1187 2431 pariter
1212 2393 1240 2422 <Sc
1264 2391 1347 2422 obba
1363 2391 1449 2421 illitae
1468 2392 1496 2421 δε
1511 2391 1676 2422 obturatae.
1720 2393 1795 2424 Mos

961 2440 1030 2464 erat
1044 2436 1138 2474 porro
1151 2435 1279 2474 picandi
1294 2434 1420 2471 vinum,
1435 2434 1466 2464 id
1482 2440 1543 2472 est,
1556 2435 1660 2472 picem
1676 2436 1705 2465 &
1722 2437 1794 2467 resi-

963 2486 1039 2508 nam
1064 2479 1226 2508 interdum
1249 2476 1423 2507 adhibendi
1451 2478 1481 2506 Sc
1512 2477 1726 2516 immiscendi,
1753 2479 1795 2510 ad

962 2520 1178 2550 condiendum
1217 2520 1330 2556 veluti,
1364 2519 1589 2559 addendasque
1617 2521 1709 2559 vires,
1738 2527 1796 2553 aut

960 2561 1158 2602 frangendas.
1203 2563 1256 2595 De
1272 2562 1390 2601 quibus
1404 2562 1485 2592 Plin.
1500 2562 1553 2593 lib.
1569 2565 1618 2592 14.
1632 2573 1702 2602 cap.
1720 2566 1750 2594 1.
1764 2566 1794 2596 δι

960 2606 1014 2635 20.
1031 2606 1190 2638 Plutarch.
1205 2605 1370 2636 Convival.
1406 2604 1530 2638 Quaest.
1552 2606 1611 2635 lib.
1631 2607 1660 2636 5.
1678 2616 1748 2646 cap.
1762 2609 1795 2638 3.

961 2648 1021 2678 illis
1034 2656 1144 2680 autem
1168 2649 1242 2686 ipsis
1258 2647 1471 2679 condimentis
1494 2649 1606 2679 vinum
1620 2649 1797 2688 aliquando

961 2692 1239 2731 corrumpebatur,
1265 2690 1350 2721 unde
1379 2690 1519 2721 Martial.
1548 2691 1606 2721 lib.
1635 2693 1666 2722 3.
1697 2693 1792 2732 Epig.

963 2734 1014 2764 76.

1047 2777 1197 2806 Resinata
1212 2775 1288 2806 bibis
1299 2776 1384 2815 vina,
1400 2775 1643 2818 Falernafugis.

1005 2819 1123 2848 Sessilis
1133 2818 1224 2857 obba]
1247 2818 1354 2848 Poculi
1360 2829 1472 2859 genus,
1483 2821 1530 2849 vel
1543 2820 1689 2860 ligneum,
1700 2819 1748 2848 vel
1760 2828 1796 2848 ea:

962 2867 1079 2899 sparto,
1094 2862 1201 2900 inquit
1214 2860 1341 2892 Nonius
1355 2862 1540 2901 Marcellus,
1558 2871 1608 2891 vas
1620 2863 1723 2891 latum
1737 2861 1796 2891 ha-

966 2906 1040 2937 bms
1063 2905 1204 2936 fundum
1229 2905 1257 2934 ἅ-
1281 2910 1439 2943 ventrem,
1461 2905 1505 2935 ita
1521 2910 1558 2935 ut
1574 2914 1629 2942 per
1651 2913 1683 2933 se
1707 2903 1799 2934 facile

963 2954 1026 2977 stet
1039 2948 1066 2976 δε
1082 2947 1203 2982 sedeat,
1218 2947 1303 2978 unde
1318 2947 1431 2978 sessilis
1439 2947 1515 2977 obba
1525 2948 1648 2977 dicitur.
1671 2946 1800 2977 Volunt

964 2990 1065 3029 aliqui
1077 2999 1144 3020 esse
1154 2989 1325 3030 doliolum,
1339 2992 1372 3022 in
1384 3000 1451 3031 quo
1463 2990 1645 3030 navigantes
1657 2989 1801 3029 plerum-

965 3042 1031 3072 que
1046 3032 1190 3065 sedeant.

1722 63 1806 104 333

1293 150 1435 194 AEgaum
1457 155 1577 195 ingenii
1611 167 1698 196 nat-e,
1728 170 1807 199 proe.

1294 198 1430 234 terquam
1451 199 1477 226 si
1501 198 1623 229 luxuria
1647 206 1737 232 cauta
1754 205 1804 235 (Ie-

1292 236 1428 268 hortetur
1442 243 1471 268 te
1482 242 1568 279 priris
1591 242 1711 274 ductum
1724 256 1804 276 scor-

1427 282 1533 313 dicens
1571 286 1627 322 quo
1664 288 1803 328 deinceps

1202 317 1276 358 145
1286 333 1446 363 properas,
1471 326 1490 354 ὁ
1504 327 1620 356 demens
1635 328 1649 356 ?
1675 329 1802 368 Ecqua.-

1295 365 1377 399 Quid
1392 368 1448 397 tibi
1459 368 1594 406 quoeris?
1616 369 1742 410 Nempe
1755 375 1803 409 ef*-

1279 409 1404 446 ferbuit
1419 411 1472 440 sub
1494 411 1581 440 corde
1603 413 1722 442 ardenti
1735 416 1805 446 bilis

1290 503 1347 524 non
1378 497 1537 525 sedaverit.
1583 497 1634 526 An
1665 501 1736 529 vero
1766 505 1811 532 tw
