1948 3281
101 72 187 113 318

117 213 169 238 tuo
205 205 321 237 solerii.
371 205 456 234 Nam
493 207 632 235 recordor

117 251 302 291 transegisse
332 253 427 278 tecum
460 248 524 277 dies
553 249 629 277 inte-

732 69 920 112 PERSII
957 68 1176 112 SATIRA
1207 70 1265 113 V.

115 168 139 204 ἐν
158 163 297 201 f0r⁷²²a⁷⁷²
327 161 419 192 sumit
449 161 504 191 ⁸²¹⁶
531 161 632 203 digito
648 158 949 214 Artificemque
972 168 1044 199 tuo
1067 158 1183 200 ducit
1205 157 1281 200 sub
1303 157 1449 213 pollice
1470 158 1649 200 vultum.

644 217 802 257 Tecum
825 215 975 256 etenim
999 216 1147 271 longos
1170 215 1341 257 memini
1364 231 1606 257 consumere
1626 214 1748 266 soles,

1787 158 1846 202 40

113 304 200 335 gros,
224 296 247 331 ⁸5
267 291 346 322 cibos
371 296 467 320 tecum
482 292 630 329 carpsisse
646 275 697 314 Et
720 283 857 313 tecum
882 273 1031 327 primas
1054 272 1185 327 epulis
1207 274 1417 328 decerpere
1438 285 1596 315 noctes.

116 337 206 366 initio
221 336 364 366 noctium.
406 334 630 363 ordinabumas
642 331 790 371 Unum
810 343 930 384 opus,
965 330 1004 370 Sc
1024 329 1205 386 requiem
1223 330 1368 385 pariter
1388 329 1647 385 disponimus
1670 329 1791 371 ambo
1810 345 1820 369 :

117 381 205 410 ambo
219 379 335 408 eosdem
348 377 477 414 labores,
491 377 629 405 sinzilzter

118 425 142 461 ‘3
158 424 306 461 quietem:
332 423 354 458 ᾅς
378 430 424 450 res
444 419 540 450 serias
556 423 626 447 tem-

643 388 783 441 Atque
805 387 1033 428 verecunda
1053 386 1237 428 laxamus
1260 386 1360 428 seria
1382 389 1537 428 mensa.

1786 389 1841 427 44

110 467 298 506 perabamus
351 463 439 493 carna
483 445 745 490 morlestd.N0n
767 443 958 499 equidem
982 445 1060 485 hOC
1083 444 1260 495 dUbiteS‚
1292 443 1508 485 amborum
1531 444 1683 486 fOEdel'e
1706 453 1818 486 cesto

120 509 213 539 Certe
229 509 306 537 illud
320 517 356 535 m>
370 506 426 535 tibi
440 505 561 534 dubium
576 505 629 541 Μ,
644 501 891 542 Consentire
909 501 1010 553 dies,
1054 501 1093 543 δι
1115 501 1163 543 ab
1184 516 1269 544 uno
1293 501 1422 543 sidere
1444 500 1557 543 duci.

117 558 260 581 nostram
286 550 439 580 amborum
463 548 556 576 vitam
572 550 634 575 sta-

120 594 191 625 tuta
202 595 347 625 societate
360 590 531 628 convenire,
559 591 582 627 ἐς
596 590 664 630 regi
679 590 718 620 ab
733 590 834 621 eodem
849 594 943 620 astro.

121 772 174 799 cut
189 777 282 806 equus
308 766 327 796 ἁ
352 773 464 795 sessore
488 763 639 801 domatur,
663 763 771 803 inquit
791 763 893 802 Plato,
915 764 961 794 ita

121 813 241 841 animus
256 809 385 839 ratione.
433 807 488 836 Per
500 807 649 836 animum
667 807 777 844 itaque
803 814 844 835 ne
870 816 961 837 men-

122 862 190 884 tem
213 853 370 892 intellige,
392 860 450 879 seu
476 855 599 888 partem
626 849 726 879 animi
751 850 962 889 superiorem,

119 897 176 928 sed
194 896 300 936 potius
316 893 501 924 inferiorem
523 902 596 931 quae
625 900 741 931 expers
756 897 802 921 est
819 893 961 931 rationis,

119 947 324 978 vocaturque
348 936 524 976 appetitus.
570 935 661 965 Tull.
688 935 781 964 Offie.
811 936 841 965 1.
868 946 962 965 num.

124 985 196 1013 100.
245 981 369 1020 Duplex
394 983 439 1008 est
465 979 510 1008 vis
534 978 701 1008 animorum
728 982 819 1016 atque
834 982 962 1009 naturoe.

126 1025 196 1055 Una
219 1035 293 1064 pars
308 1024 340 1054 in.
363 1022 503 1062 appetitu
524 1022 628 1060 posita
648 1025 705 1058 est,
729 1030 794 1058 quae
817 1024 862 1050 est
880 1023 965 1060 οςμῆ,

123 1069 229 1099 Οτοεεέ
241 1079 253 1103 ,·
276 1072 346 1107 quae
368 1065 515 1095 hominem
531 1063 588 1094 buc
604 1065 627 1102 ᾇ
649 1065 722 1093 illuc
734 1064 838 1102 rapit:
862 1064 964 1093 altera

121 1113 156 1142 in
172 1112 302 1149 ratione,
325 1119 391 1149 quoe
416 1109 501 1138 docet
527 1110 550 1146 ξς
575 1108 724 1146 explanat
749 1107 824 1144 quid
834 1106 964 1143 facien-

125 1154 452 1195 dumsugiendunzque
467 1151 518 1180 sit.
564 1150 617 1180 Ita
636 1150 678 1187 fit
703 1153 738 1178 ut
755 1149 834 1179 ratio
845 1150 965 1189 praesit,

123 1198 279 1237 appetitus
294 1198 363 1227 verti
385 1195 580 1233 obtemperet.

124 1241 240 1272 Horat.
257 1240 359 1279 Epist.
375 1240 409 1269 2.
427 1238 481 1267 lib.
500 1240 527 1266 1.

212 1306 275 1314 ......
279 1283 421 1312 Animum
438 1289 520 1319 rege,
544 1280 596 1318 qui
610 1279 670 1309 nisi
687 1283 791 1318 paret,

209 1327 347 1365 Imperat
359 1336 368 1353 .·
392 1323 602 1362 liuncfroem's,
616 1322 694 1353 bunc
705 1327 739 1352 lu
752 1332 902 1362 compesce
913 1332 964 1354 ca-

256 1369 340 1400 tend.

126 1413 231 1447 Plaut.
248 1413 422 1443 Trinumn.
443 1410 527 1441 Scen
558 1411 588 1440 5.

212 1455 313 1486 Homo
328 1467 392 1486 cum
409 1455 509 1484 animo
524 1454 596 1483 inde
610 1452 648 1483 ab
662 1454 786 1483 ineunte
807 1458 898 1484 aetate
915 1455 964 1484 de-

250 1503 375 1541 pugnat
391 1508 455 1529 suo.

215 1585 263 1615 Tu
287 1586 313 1615 si
337 1585 469 1614 animum
493 1584 594 1613 ricisti
605 1583 720 1622 potate,
743 1584 832 1620 quam
848 1584 966 1614 animus

259 1633 300 1666 te,
323 1633 367 1657 est
382 1628 462 1666 quud
472 1626 622 1667 gaudeas.

175 1672 321 1710 Vincique
337 1669 471 1709 laborat]
504 1668 598 1707 AEgre
614 1673 782 1708 superatur
797 1674 911 1699 natura
926 1670 964 1700 ad

130 1716 255 1748 malum
273 1714 432 1754 proclivis.
479 1711 573 1742 Unde
591 1720 682 1741 mens
699 1713 726 1741 ἃ*
751 1712 831 1741 ratio
853 1719 965 1743 contra

129 1758 313 1798 appetitum
331 1765 491 1796 pugnans,
502 1755 592 1794 quasi
605 1763 718 1784 secum
734 1754 964 1796 ipsaluctatur,

126 1803 250 1832 laborat
265 1809 373 1830 tamen
391 1801 417 1830 δι
434 1798 541 1829 studet
558 1804 594 1828 ut
610 1798 759 1827 vincatur
774 1798 833 1828 etsi
850 1808 962 1839 repug-

129 1855 210 1875 nans
228 1845 256 1874 ἀ
274 1844 441 1874 reluctans.

171 1889 226 1917 40.
270 1886 486 1924 Artificemque
500 1888 563 1923 tun,
587 1883 653 1923 ἔξω]
677 1883 871 1924 Hypallage,
896 1894 964 1924 pro,

127 1930 252 1969 artzJfici.
297 1930 405 1959 Potest
422 1932 448 1959 ἃ·
467 1929 542 1967 legi,
567 1927 719 1963 artiji'cis,·
742 1934 779 1957 ut
790 1927 883 1958 docte
895 1938 963 1958 mo-

127 1980 185 2004 net
202 1973 424 2004 Casaubonus.
471 1972 591 2001 Sensus
603 1977 651 2001 est
666 1981 673 1999 z
697 1970 826 1999 animus
840 1980 931 2000 meus
946 1972 964 2001 a

127 2024 161 2047 te
185 2017 324 2047 molliter
352 2016 379 2045 &
395 2015 471 2045 scite
489 2018 641 2044 tractatus
656 2022 728 2043 earn
755 2022 890 2044 omnem
917 2015 965 2044 in-

126 2061 199 2090 duit
217 2060 360 2098 speciem
385 2057 516 2088 tandem
542 2059 570 2088 δε
596 2057 744 2094 formam,
768 2065 868 2096 quarn
892 2057 966 2087 dare

130 2104 158 2133 ἃ
184 2104 337 2132 inducere
361 2101 501 2138 voluisti,
524 2100 616 2130 velut
641 2099 756 2129 artifex
784 2100 906 2138 peritus
930 2100 964 2131 in

128 2146 273 2185 argillam
290 2153 347 2175 aut
360 2153 476 2174 ceram.

127 2187 270 2221 Juvenal
299 2188 364 2217 Sat.
383 2189 414 2217 7.
437 2196 503 2216 ver.
520 2186 595 2215 2537.

213 2231 346 2272 Exigite
360 2234 395 2260 ut
407 2239 503 2259 mores
518 2233 634 2257 teneros
649 2238 702 2258 ceu
712 2227 823 2267 pollice
835 2228 941 2268 ducat,

219 2273 261 2303 Ut
274 2274 302 2303 si
316 2273 384 2313 quis
398 2272 467 2302 cera
484 2271 703 2308 vultuntfacz'l.

172 2316 304 2356 Pollice]
334 2315 475 2346 Macrob.
503 2316 557 2345 lib.
587 2316 615 2344 7.
639 2323 709 2353 cap.
737 2315 788 2344 13.
812 2314 964 2353 pollicem

130 2363 254 2393 dictum
270 2362 314 2390 ait
330 2360 347 2389 ὲ
363 2358 530 2398 pollendo,
552 2357 677 2397 quippe
699 2358 758 2397 qui
772 2367 841 2388 non
856 2358 964 2388 mimis

130 2406 230 2444 quam
247 2410 314 2434 tota
330 2411 446 2432 manus
458 2411 587 2440 semper
599 2400 633 2430 in
649 2400 752 2430 officio
768 2407 824 2430 est.
869 2399 964 2430 Unde

131 2450 161 2477 δε
179 2448 297 2478 Graecis
311 2453 442 2476 vocatur
459 2443 605 2485 ἀντέχεις,
618 2444 710 2482 quasi
725 2452 843 2473 manus
857 2443 963 2473 altera.

129 2489 247 2520 Pariter
263 2489 396 2529 quidem
412 2488 520 2518 aeserit
535 2488 682 2518 Graecam
706 2487 791 2517 lianc
805 2487 966 2526 etymolo-

130 2534 216 2572 giam
229 2534 302 2563 Gal.
317 2532 384 2562 Alii
398 2538 508 2562 tamen
521 2531 610 2560 aliter
625 2530 779 2559 sentiunt.

173 2577 227 2605 41.
253 2576 359 2605 Tecum
370 2575 482 2605 etenim
493 2576 609 2615 longos,
632 2572 700 2612 iga]
723 2572 789 2603 Die
802 2578 966 2614 nocteque

128 2619 146 2648 ὲ
161 2625 194 2648 te
209 2628 275 2648 non
285 2618 494 2648 discedebam.

127 2661 241 2701 Virgil.
256 2660 364 2700 Eclog.
380 2662 411 2692 9.

656 2701 741 2741 Soep&
753 2711 809 2742 ego
825 2700 933 2742 longos

216 2746 382 2776 Cantando
393 2756 520 2784 puerum
542 2746 665 2776 memini
679 2755 724 2774 nze
739 2745 863 2774 condere
876 2745 965 2776 soles.

171 2792 224 2821 42.
264 2788 309 2818 Et
327 2792 423 2818 tecum
434 2790 550 2828 primas
565 2789 662 2827 epulis
676 2789 833 2826 decerpere
846 2788 963 2828 noctes]

127 2834 189 2864 Est
204 2833 261 2873 qui
278 2832 515 2870 interpretetur,
531 2833 662 2861 initium
679 2831 776 2861 etiam
792 2832 894 2861 noctis
910 2832 962 2861 da-

126 2879 242 2908 bamus
255 2875 362 2905 studio
378 2875 602 2913 Philosophiae‚
626 2875 723 2912 idque
740 2874 893 2912 temporis
908 2875 962 2904 de-

127 2919 338 2958 cerpebamus
359 2918 462 2956 quieti
486 2919 512 2947 &
540 2917 654 2955 epulis,
676 2918 707 2946 id
724 2924 783 2953 est,
808 2918 962 2947 rescinde-

126 2963 253 3000 bamus,
287 2961 518 2991 adimebamus.
574 2959 636 2988 Sed
668 2961 782 2989 melius
811 2967 857 2990 est
887 2970 963 2990 cum

125 3006 194 3035 aliis
230 3005 329 3044 prope
357 3004 522 3040 omnibus,
559 3001 737 3041 intelligere
774 3004 813 3032 de
850 3003 965 3043 frugali

124 3057 237 3078 mensa
258 3047 407 3077 studiosis
423 3043 609 3082 necessaria,
633 3045 722 3084 quod
737 3046 889 3085 verbum,
914 3047 965 3075 ‹le-

1004 775 1135 804 cerpere‚
1160 765 1277 796 iudicat
1299 766 1393 796 satis:
1420 769 1456 795 ut
1483 773 1594 794 sensus
1619 764 1672 802 sit,
1694 772 1761 793 non
1776 763 1844 795 dies

1006 809 1153 838 noctibus
1168 809 1332 847 epulando
1352 808 1584 848 jungebamus,
1609 807 1697 846 quod
1715 806 1843 837 faciunt

1005 851 1198 889 helluones;
1223 852 1276 881 sed
1292 852 1459 890 pauculas,
1474 851 1600 881 tantum
1618 850 1723 887 horas,
1745 850 1845 889 idque

1005 895 1149 933 vesperi3
1176 895 1204 924 δι
1234 895 1325 933 quasi
1348 895 1463 933 raptim
1488 893 1597 923 cibum
1623 893 1846 931 carpebamus,

1007 946 1106 976 quem
1125 939 1218 976 porro
1232 938 1376 967 honestis
1388 936 1587 967 sermonibus
1599 935 1843 974 condiebamus‚

1009 985 1046 1010 ut
1060 987 1108 1010 est
1120 981 1219 1019 paulo
1236 981 1316 1019 post.

1050 1024 1102 1052 43.
1130 1022 1228 1053 Unum
1252 1033 1337 1062 opus,
1361 1024 1383 1060 ξς·
1410 1022 1553 1061 requiem,
1576 1020 1643 1060 ξω]
1668 1021 1775 1051 Simul
1797 1021 1845 1050 la·

1007 1065 1089 1104 bori,
1112 1066 1209 1096 simul
1233 1066 1337 1104 quieti
1363 1065 1621 1104 indulgebamus.
1673 1063 1743 1093 Una
1771 1073 1844 1103 opus

1008 1110 1031 1146 ‹3-
1060 1109 1203 1148 requiem,
1233 1109 1293 1138 Sec.
1338 1109 1417 1148 Legi
1443 1108 1521 1138 velit
1550 1107 1780 1137 casaubonus:
1811 1112 1845 1136 at

1007 1152 1133 1182 videtur
1148 1159 1258 1182 tamen
1280 1152 1404 1182 Persius
1428 1151 1602 1190 respexisse
1613 1149 1694 1180 illud
1712 1149 1840 1189 Virgilii

1008 1194 1105 1225 Geor.
1122 1197 1152 1225 4.

1097 1237 1241 1269 Omnibus
1266 1249 1324 1269 una
1348 1237 1432 1278 quies
1453 1247 1584 1278 operum,
1609 1235 1694 1266 labor
1709 1235 1845 1265 omnibus

1136 1283 1227 1312 idem.

1051 1326 1103 1355 44.
1131 1323 1307 1355 Verecunda
1324 1325 1464 1355 laxamus
1477 1323 1555 1353 seria
1569 1319 1689 1363 mensu]
1723 1321 1843 1353 Graves

1009 1369 1250 1408 occupationes,
1274 1369 1302 1398 <Sc
1329 1369 1475 1398 diurnam
1493 1366 1589 1397 studii
1606 1367 1635 1395 ὅ(
1650 1366 1752 1395 animi
1766 1375 1843 1394 con-

1009 1411 1191 1442 tentionem
1209 1413 1392 1442 relaxamus
1416 1411 1496 1440 inter
1521 1407 1719 1438 coenandum
1740 1417 1775 1437 ae
1792 1414 1841 1437 re-

1008 1451 1174 1484 mittimus
1194 1455 1354 1485 tantillum
1374 1454 1454 1491 jocis
1477 1462 1513 1482 ac
1542 1451 1658 1480 salibus
1687 1451 1842 1481 innoxiis.

1009 1496 1160 1536 Agellius
1191 1497 1248 1527 lib.
1282 1499 1332 1527 13.
1367 1506 1438 1535 cap.
1468 1497 1518 1526 11.
1546 1495 1602 1531 ait,
1640 1493 1843 1523 Conna-arum

1006 1549 1156 1569 sermones
1181 1541 1285 1570 debere
1309 1549 1370 1570 esse
1388 1538 1556 1577 jucundos,
1581 1538 1603 1574 ‹3-
1619 1546 1685 1565 cum
1701 1535 1844 1566 illecebra

1007 1583 1140 1620 quadam
1168 1585 1191 1621 «ξς
1219 1583 1378 1622 voluptate
1408 1581 1511 1619 utiles,
1547 1580 1656 1619 quihus
1691 1579 1847 1620 ingenium

1006 1630 1142 1655 nostrum
1157 1627 1312 1656 venustius
1327 1626 1392 1663 fiat
1412 1626 1435 1662 ἐξ
1459 1623 1616 1653 amoenius.
1665 1620 1754 1654 Quod
1767 1632 1847 1661 pro-

996 1668 1090 1705 sectd
1102 1669 1232 1707 eveniet,
1254 1670 1281 1699 si
1295 1670 1331 1698 de
1347 1669 1380 1698 id
1391 1677 1490 1708 genus
1506 1667 1591 1695 rebus
1606 1665 1649 1694 ad
1663 1674 1844 1695 communem

1007 1712 1078 1740 vitoe
1092 1722 1179 1742 usum
1190 1711 1415 1751 pertinentibus
1428 1708 1673 1749 confabulemur,
1686 1708 1723 1737 de
1738 1707 1846 1746 quibus

1006 1753 1039 1783 in
1060 1754 1137 1792 foro
1164 1759 1256 1794 atque
1281 1755 1313 1784 in
1339 1754 1470 1795 negotiis
1494 1751 1619 1791 agendis
1632 1750 1714 1790 loqui
1725 1760 1784 1780 non
1798 1755 1844 1780 est

1005 1797 1112 1828 otium.
1171 1798 1258 1828 Vide
1286 1797 1440 1828 Athenaei
1462 1794 1774 1835 Deipnosophistas:
1811 1795 1841 1824 «Sc

1007 1840 1151 1871 macrob.
1175 1842 1230 1871 lib.
1244 1843 1276 1872 7.
1293 1851 1363 1880 cap.
1380 1843 1409 1871 1.

1051 1885 1104 1914 45.
1137 1882 1210 1915 Non
1225 1884 1362 1923 equidem
1377 1882 1432 1913 boc
1447 1880 1577 1918 dubites,
1597 1879 1662 1918 ᾀε]
1697 1879 1843 1910 Consen-

1007 1927 1055 1955 sio
1079 1933 1184 1958 nostra
1204 1936 1271 1958 non
1292 1927 1369 1956 levis
1391 1932 1448 1956 aut
1471 1924 1615 1961 fortuita,
1639 1923 1707 1953 imo
1733 1932 1770 1952 ea
1796 1928 1844 1953 est

1010 1979 1083 2007 quae
1112 1971 1312 2001 naturalibus
1339 1969 1441 1999 causis
1469 1966 1623 2006 producta
1652 1967 1681 1995 ἃς
1708 1965 1845 1996 conflata

1009 2012 1148 2042 dubitari
1163 2022 1230 2044 non
1242 2014 1349 2052 possit.

1052 2056 1227 2095 Amhorum]
1262 2055 1331 2086 Mei
1355 2055 1482 2094 tuique,
1508 2052 1604 2083 Persii
1629 2051 1790 2091 discipuli,
1813 2053 1844 2082 ἅ·

1008 2097 1146 2128 Cornuti
1159 2098 1373 2138 praeceptoris.

1051 2141 1177 2172 Foedere
1192 2141 1288 2180 certo]
1324 2141 1401 2170 Non
1425 2140 1523 2170 otiose
1549 2139 1612 2168 hoc
1636 2138 1681 2167 ait
1706 2137 1844 2177 Persius,

1005 2183 1130 2223 (inquit
1144 2183 1328 2223 Mamilius)
1350 2192 1427 2214 nam
1444 2183 1501 2221 qui
1526 2182 1586 2212 sub
1613 2181 1751 2220 piscibus
1773 2190 1844 2210 nas-

1006 2234 1138 2266 cuntur,
1162 2237 1228 2258 non
1243 2229 1288 2257 ita
1302 2232 1427 2258 certum
1443 2226 1548 2256 foedus
1574 2225 1657 2255 inter
1672 2233 1706 2254 se
1726 2224 1846 2254 habere

1008 2270 1215 2302 aestimantur.

1007 2313 1103 2344 Unde
1117 2313 1231 2344 Manil.
1245 2313 1298 2344 lib.
1311 2315 1344 2344 2.

1092 2357 1138 2386 At
1160 2357 1268 2395 quibus
1291 2356 1324 2386 in
1349 2354 1443 2386 lucem
1463 2355 1564 2394 pisces
1584 2352 1771 2384 venientibus
1789 2353 1846 2384 ad-

1135 2404 1221 2439 sunt,

1092 2443 1153 2473 His
1168 2453 1227 2472 non
1240 2452 1303 2472 una
1316 2445 1417 2471 manet
1430 2450 1544 2480 semper
1558 2438 1710 2469 sententia
1723 2438 1808 2468 cordi
1817 2449 1833 2474 ,-

1095 2485 1289 2516 Commutant
1304 2485 1420 2515 animos
1434 2484 1586 2514 interdum
1596 2481 1748 2521 Csfoedera
1761 2491 1842 2512 rum—

1135 2533 1226 2568 punt,

1094 2571 1142 2602 Ac
1158 2576 1309 2612 repetunt.

1055 2615 1107 2645 46.
1132 2616 1307 2645 Consentire
1320 2614 1397 2653 dies]
1420 2613 1583 2643 Marcilius
1610 2621 1652 2641 ex
1670 2610 1778 2641 Servio
1804 2611 1843 2641 ad

1011 2655 1139 2689 AEneid.
1168 2662 1197 2688 1.
1223 2659 1312 2698 legit,
1335 2657 1430 2695 Deos,
1452 2657 1484 2686 id
1507 2662 1566 2694 est,
1591 2654 1711 2685 Genios
1734 2655 1845 2684 horos-

1009 2703 1083 2740 copi
1097 2702 1244 2739 comites,
1256 2703 1352 2738 juxta
1370 2700 1482 2730 Horat.
1500 2698 1554 2728 lib.
1571 2699 1602 2727 2.
1619 2697 1720 2736 Epist.
1736 2698 1767 2727 2.

1096 2743 1161 2773 Scit
1179 2745 1294 2773 Genius
1317 2742 1422 2772 natale
1446 2751 1542 2771 comes
1557 2741 1606 2779 qui
1623 2744 1770 2779 temperat
1784 2739 1845 2769 As-

1137 2791 1227 2816 trum.

1006 2830 1052 2860 Ut
1085 2839 1196 2859 sensus
1227 2829 1320 2860 Persii
1353 2829 1404 2865 sit,
1442 2827 1680 2857 consentientes
1720 2824 1842 2855 Genios

1006 2877 1128 2902 nostros
1145 2878 1269 2902 constat
1285 2881 1446 2902 summam
1464 2871 1546 2900 hanc
1564 2871 1642 2900 inter
1657 2878 1716 2898 nos
1730 2868 1841 2897 amici-

1007 2917 1084 2946 tiam
1110 2917 1137 2945 &
1166 2916 1408 2945 consensionem
1436 2914 1603 2952 peperisse.
1650 2912 1714 2941 Alii
1735 2918 1845 2940 tamen

1007 2968 1119 2988 omnes
1135 2959 1262 2997 legunt,
1285 2957 1450 2987 consentire
1465 2957 1540 2994 dies,
1562 2954 1593 2984 id
1610 2960 1668 2991 est,
1685 2960 1843 2991 tempora,

1008 3002 1201 3039 nativitates,
1227 3001 1311 3030 unde
1336 3008 1402 3028 non
1430 3000 1560 3035 mirum,
1585 3007 1642 3027 nos
1655 2998 1714 3026 sub
1731 2996 1843 3025 eadem

1009 3044 1251 3075 constellatione
1279 3043 1415 3082 genitos,
1437 3043 1476 3072 ab
1499 3041 1612 3072 iisdem
1633 3040 1771 3070 siderum
1796 3046 1841 3067 as-
