1948 3281
594 96 621 140 J
625 94 934 141 UVENALIS
967 94 1187 138 SATIRA
1217 96 1347 140 VIII.

71 189 283 248 iMagnum
304 187 458 246 aliquid
480 187 605 230 dubia
626 203 698 244 pro
720 187 901 229 libertate
922 186 1096 237 deceret,

72 249 202 305 Quod
226 248 436 288 miraretur
458 262 552 287 cum
579 246 740 288 Coclite
764 245 946 295 Mutius,
973 244 1013 285 δε
1033 259 1127 300 quae

74 304 242 361 Imperii
265 305 364 346 fines
387 304 629 346 Tiberinum
653 304 766 359 virgo
789 302 955 344 natavit.

73 363 251 404 Occulta
273 364 321 403 ad
345 375 474 418 patres
498 362 689 418 produxit
710 361 885 401 crimina
906 374 1044 401 servus

70 419 280 462 Matronis
303 420 505 476 lugendus
526 436 534 461 :
569 429 608 461 at
632 419 721 460 illos
745 417 905 459 verbera
921 417 1045 471 justis

71 477 277 518 Afficiunt
300 477 450 533 poenis,
478 478 518 519 &
538 478 676 534 legum
701 476 830 531 prima
852 476 1019 516 securis.

71 534 191 576 Malo
212 546 322 590 pater
344 536 416 576 tibi
440 535 491 576 sit
508 534 732 584 Thersites,
758 533 989 574 dummodo
1007 542 1051 573 tu
1075 531 1128 574 sis

72 592 261 634 AEacidae
282 592 443 644 similis,
468 592 755 647 Vulcaniaque
775 605 886 632 arma
909 604 1109 645 capessas,

66 649 212 707 Quam
236 660 275 692 te
291 652 493 692 Thersitae
515 650 690 691 similem
716 649 911 704 producat
934 647 1136 689 Achilles.

1732 105 1809 148 163

1287 187 1380 217 etiam
1409 192 1557 227 oporteret
1594 195 1715 231 exequi
1745 206 1804 234 pro

1287 232 1418 270 (1ηεὶρίίί
1430 232 1570 262 libertate
1590 237 1733 272 quiddam
1757 240 1802 268 in-

1234 302 1268 314 „-
1284 276 1460 314 gens-,quod
1479 280 1611 313 stuperet
1628 278 1761 318 Illutt'us,
1779 286 1802 320 ἐς

1190 298 1271 343 203
1290 317 1394 347 cocle,-
1407 329 1420 352 ,·
1443 319 1583 357 &puella
1594 330 1658 359 quse
1673 321 1802 354 Tiberim

1287 360 1400 390 limites
1443 362 1570 399 Imperii
1617 368 1802 395 transnavit.

1286 404 1341 434 Ad
1363 404 1523 434 Senatores
1550 417 1663 436 arcuna
1690 409 1801 438 scelera

1288 446 1400 477 detulit
1415 449 1559 484 ,famulus
1583 450 1731 480 matribus
1743 451 1803 485 „a'u-

1285 491 1385 520 milius
1410 491 1631 529 deplorandus:
1655 493 1720 522 Eos
1745 504 1801 524 au·

1288 537 1344 562 tem
1369 534 1458 572 justo
1482 534 1624 572 plectunt
1652 537 1800 575 supplicio

1188 590 1273 636 270
1280 576 1386 617 plagoe
1412 578 1433 614 ὃς
1450 578 1550 615 prima
1563 580 1663 618 legum
1678 581 1801 612 securis.

1284 620 1389 650 Pluris
1402 621 1515 649 (estimo
1529 626 1565 651 ut
1574 627 1730 660 perentem
1745 622 1798 653 luz-

1284 663 1352 692 beas
1386 662 1552 700 Thersiten,
1574 664 1719 704 siquidem
1739 665 1799 702 su-

225 710 284 739 eris
293 720 353 749 par
363 709 513 748 AEacidoe,
526 713 618 747 atque
636 707 763 737 Vulcani
779 706 841 736 tela
854 710 1034 745 contrectes,
1047 707 1137 744 quam
1152 710 1190 736 ut
1204 705 1339 736 Achilles
1347 707 1463 747 gignat
1479 712 1508 738 te
1517 718 1625 746 parem
1644 707 1802 740 Thersite.

864 796 993 806 ——n

112 862 187 892 265.
210 861 315 892 Dubia
338 860 494 899 libertate]
518 860 675 891 Nondum
692 861 774 891 bene
791 862 906 891 asserta

72 906 100 934 &
118 905 252 944 firmata,
278 899 533 943 conantibusque
557 914 693 944 regnum
719 914 906 943 recuperare

72 949 217 988 expulsis
234 949 367 988 regibus.

111 991 187 1021 264.
213 991 301 1024 Quod
319 989 495 1029 miraretur]
519 988 616 1024 Quod
633 1001 698 1021 esse
724 996 828 1027 posset
852 991 906 1020 ad-

70 1034 231 1065 mirationi
248 1035 341 1064 simul
363 1035 391 1062 Sc
409 1035 564 1073 exemplo
588 1035 747 1073 generosis
764 1034 825 1064 illis
844 1034 906 1065 Ro-

69 1087 171 1109 manae
188 1078 338 1108 libertatis
355 1078 384 1106 δι
397 1077 504 1116 patris:
519 1078 713 1109 amantibus.

113 1120 246 1159 Coclite]
271 1121 425 1151 Horatius
442 1121 567 1158 Cocles,
594 1122 711 1150 amisso
738 1121 905 1153 oculorum

69 1163 169 1194 altero
186 1165 218 1194 in
235 1174 345 1203 pugna
362 1163 513 1203 quadam,
537 1165 580 1193 ita
593 1165 708 1201 dictus,
733 1165 787 1194 sed
802 1167 907 1196 multo

68 1207 178 1236 clarior
194 1217 235 1237 ex
252 1217 291 1237 eo
305 1208 406 1247 quod,
422 1207 584 1236 Porsenna
600 1217 671 1247 rege
696 1207 905 1241 Etruscorum

68 1259 125 1288 pro
149 1251 351 1280 restituendis
366 1250 548 1289 Tarquiniis
564 1251 597 1280 in
614 1250 775 1280 Romanos
798 1250 905 1281 decer-

67 1298 171 1331 tante,
189 1304 246 1333 pro
260 1301 360 1332 ponte
372 1293 507 1324 sublicio
520 1294 618 1332 stetit,
635 1303 788 1333 unusque
801 1295 905 1325 aciem

68 1336 213 1366 hostium
237 1337 403 1375 sustinuit,
425 1337 526 1366 donec
551 1346 632 1375 pons
654 1336 672 1366 a
695 1342 789 1376 tergo,
809 1338 905 1368 inter·

68 1385 181 1418 ruptus
198 1379 321 1409 aditum
347 1380 576 1418 praecluderet:
600 1386 670 1410 tum
698 1380 849 1411 desiliens
871 1382 905 1411 in

68 1421 213 1452 Tiberim
230 1423 268 1452 ad
281 1432 354 1453 suos
367 1423 551 1453 transnavit.
583 1421 635 1453 Ob
652 1423 714 1452 hoc
729 1424 757 1453 ei
773 1427 904 1454 tantum

68 1467 134 1504 agri
151 1466 279 1504 publice
294 1467 421 1504 datum,
438 1471 600 1504 quantum
618 1475 684 1496 uno
700 1466 751 1497 die
767 1467 904 1497 circum-

68 1509 147 1538 arari
173 1515 294 1547 posset:
318 1515 423 1539 statua
449 1518 583 1547 quoque
605 1510 637 1539 in
663 1509 836 1539 Vulcanafi
857 1518 905 1541 est

70 1558 187 1590 erecta,
210 1561 268 1582 seu
281 1553 316 1583 in
333 1552 484 1583 Comitio.
499 1552 570 1582 Liv.
585 1553 638 1583 lib.
652 1553 685 1583 2.
700 1561 728 1582 c.
745 1553 774 1583 9.
795 1555 823 1584 ἀ
837 1563 904 1594 seq.

68 1594 183 1624 Aurei.
196 1595 315 1625 Victor.
333 1597 389 1625 Sec.

113 1637 252 1676 Mutius]
276 1638 313 1669 C.
331 1639 458 1669 Mutius
484 1640 619 1678 Cordus,
644 1639 759 1670 nobilis
784 1639 904 1671 adoles-

68 1689 157 1719 cenS,
173 1683 227 1711 cui
240 1682 348 1720 postea
364 1683 381 1711 a
393 1683 512 1713 dextrae
526 1684 640 1712 manus
653 1683 742 1712 clade
756 1683 905 1714 Scaevolae

68 1733 252 1762 cognomen
279 1725 431 1762 inditum,
461 1731 495 1755 ut
524 1727 568 1755 ait
601 1725 723 1762 Livius,
753 1727 907 1758 nimirum

68 1767 158 1805 quod
176 1772 297 1797 exustae
310 1768 380 1797 loco
392 1768 511 1798 dextrae
529 1774 672 1798 uteretur
684 1768 819 1807 sinistra,
833 1779 906 1808 quae

69 1809 187 1839 Graecis
203 1811 310 1849 enata,
325 1811 438 1849 Scoeea,
455 1812 484 1841 δι
502 1821 556 1850 per
572 1812 725 1841 diminut.
753 1811 885 1842 Scaevola
896 1825 907 1842 .-

69 1853 119 1882 vel
147 1854 163 1881 a
188 1854 294 1892 σκαιὲ,
319 1855 346 1883 δε
372 1856 450 1883 vola.
494 1855 558 1884 Hic
585 1854 717 1884 obsideri
744 1855 906 1893 populum

69 1895 255 1926 Romanum
273 1897 442 1937 indignum
458 1903 555 1935 ratus,
571 1898 604 1926 in
620 1897 789 1927 Porsennae
807 1905 907 1929 castra

69 1940 261 1978 penetravit,
278 1941 453 1978 ipsumque
468 1940 602 1980 Regem,
628 1941 651 1969 si
669 1942 835 1978 purpurati
849 1943 908 1981 qui

68 1982 189 2018 aderat,
218 1983 394 2013 similitudo
418 1992 485 2013 non
512 1984 688 2021 fefellisset,
716 1983 906 2023 bellumque

70 2025 187 2063 pariter
203 2035 301 2056 omne
317 2026 507 2056 sustulisset.
556 2027 646 2057 Adeo
661 2025 765 2056 facere
785 2028 813 2056 δε
838 2029 906 2065 pati

69 2068 164 2097 fortia
189 2068 371 2099 Romanum
400 2075 456 2098 est.
503 2071 576 2103 Quo
609 2070 740 2108 insuper
769 2079 905 2101 manum

70 2110 146 2149 igne
162 2117 324 2140 cremante
339 2111 536 2149 stupefactus
559 2122 629 2150 rex,
659 2114 797 2152 acceptis
822 2114 904 2143 obsi-

70 2153 176 2191 dibus,
201 2153 219 2181 ὲ
236 2152 381 2183 Romano
393 2155 478 2184 bello
491 2154 621 2186 destitit.
666 2155 746 2186 Vide
762 2156 834 2187 Liv.
849 2157 906 2188 lib.

69 2196 100 2225 2.
120 2206 146 2226 c.
164 2197 214 2226 12.
240 2196 354 2226 Aurel.
370 2197 488 2227 Victor.
502 2198 561 2228 ὣς.

112 2239 188 2269 265.
210 2238 335 2278 Imperii
351 2239 450 2278 fines]
477 2240 633 2270 Nondum
660 2241 742 2271 ultra
763 2241 906 2273 Tiberim

72 2282 225 2321 prolatos,
240 2292 307 2321 quo
324 2283 364 2313 ab
376 2283 518 2314 Etruscis
535 2284 769 2315 discernebatur
792 2285 907 2316 Roma-

70 2334 151 2355 num
169 2325 357 2364 Imperium.

119 2366 293 2399 Tiberinum
312 2370 398 2410 virgo
414 2370 545 2409 notat-it]
569 2368 680 2401 Claelia
703 2371 790 2411 virgo
817 2371 908 2402 nobi-

71 2411 122 2449 lis,
137 2412 221 2443 inter
236 2413 358 2443 obsides
374 2414 542 2444 Porsennae
566 2414 652 2451 data,
675 2415 822 2444 frustrata
837 2424 908 2445 cus-

72 2454 172 2494 todeS,
189 2464 326 2494 equum,
347 2465 448 2494 quem
470 2456 532 2486 fors
548 2458 665 2487 obtulit
679 2458 824 2497 arripuit,
848 2463 908 2488 tra-

66 2498 223 2537 jectoque
244 2500 364 2537 Tiberi,
389 2509 506 2539 agmen
521 2501 679 2530 sociarum
697 2500 836 2531 Romam
859 2511 908 2532 re-

71 2540 179 2570 duxit.
222 2543 334 2573 Aurel.
347 2543 466 2572 Victor.
484 2543 549 2572 Tit.
566 2542 639 2573 Liv.
654 2553 681 2573 e.
701 2545 751 2573 13.
764 2544 818 2573 lib.
837 2546 869 2575 2.

115 2584 190 2614 266.
217 2585 346 2615 Occulta
361 2586 404 2615 ad
417 2590 525 2624 patres
534 2587 681 2625 produxit
704 2586 831 2616 crimina
846 2597 907 2617 ser-

70 2626 140 2664 vus]
165 2626 431 2666 Conjurationem
457 2629 497 2658 de
522 2629 708 2659 reducendis
732 2630 766 2659 in
792 2630 906 2661 urbem

72 2670 199 2710 regibus
214 2671 423 2710 Aquiliorum
437 2681 544 2701 servus
561 2672 720 2702 indicavit.
744 2671 905 2704 Proemium

70 2711 168 2742 indici
178 2715 310 2752 pecunia
323 2724 360 2744 ex
371 2714 489 2753 (erario,
511 2715 638 2744 libertas
658 2718 680 2753 ὁ]
696 2716 806 2745 civitas
820 2717 907 2748 data.

71 2753 134 2786 Ille
143 2756 275 2794 primum
291 2757 402 2787 dicitur
415 2757 554 2787 vindicta
568 2759 722 2796 liberatus,
748 2760 771 2796 ‘S‘
792 2759 906 2790 vindic-

72 2802 112 2828 tae
126 2808 229 2828 nomen
243 2800 282 2829 ab
296 2810 330 2829 eo
341 2804 471 2831 tractum
483 2812 493 2829 .·
522 2800 679 2831 Vindicius
688 2803 767 2831 enim
778 2803 906 2833 vocaba-

73 2845 138 2871 tur.
184 2841 249 2872 Tit.
267 2842 340 2873 Liv.
355 2843 410 2873 lib.
424 2845 455 2873 2.
471 2854 499 2874 c.
517 2846 547 2874 5.

115 2885 193 2915 267.
217 2885 547 2927 IlIatronislugendus]
571 2887 628 2917 An
645 2888 731 2927 quod
747 2888 858 2918 suisset
869 2889 906 2918 li-

72 2928 203 2958 bertatis
217 2935 327 2958 auctor
340 2930 368 2959 δι
384 2930 491 2968 patriae
506 2937 644 2961 servator
667 2941 723 2970 per
738 2931 907 2970 indicium,

73 2971 146 3000 ideo
161 2971 265 3010 lugeri
279 2972 395 3012 «lignus
410 2973 539 3011 extitit,
561 2974 837 3012 quemadmodum
851 2984 906 3004 an-

72 3023 142 3043 nuo
157 3015 251 3044 luctu
274 3014 366 3044 Bruti
390 3022 528 3046 mortem
551 3024 703 3047 matronae
732 3023 907 3056 prosecutae

73 3056 171 3086 sunt?
194 3057 264 3094 An,
288 3058 376 3096 quod
394 3059 438 3088 ait
458 3064 551 3088 vetus
567 3059 674 3090 Schol.
722 3060 767 3090 Ob
791 3059 908 3089 Luere-

949 859 1040 890 batur
1055 861 1184 890 castitas
1200 864 1405 891 matronarum
1420 860 1434 890 ?
1468 861 1523 891 An
1540 862 1629 901 quia,
1658 868 1694 893 ut
1710 864 1798 896 Idem
1854 860 1857 864 ’

949 904 1130 943 subJ'ungit,
1147 904 1338 934 Vindicium
1362 905 1481 934 Brutus
1498 909 1530 934 ut
1553 910 1793 938 conservatorem

943 949 1057 984 patriae
1073 947 1260 985 manumisit,
1275 951 1309 976 ut
1324 946 1407 976 velut
1425 947 1589 976 delatorem
1607 949 1795 980 dominorum

949 990 1032 1019 cruci
1048 990 1149 1028 affixit
1162 1003 1171 1019 :
1197 990 1277 1029 quod
1280 990 1407 1027 jactum
1422 995 1568 1020 matronae
1580 990 1780 1029 planxerunt.

993 1032 1167 1075 matronis]
1192 1033 1274 1063 Gell.
1293 1034 1346 1063 lib.
1365 1034 1414 1063 18.
1433 1043 1460 1063 c.
1476 1034 1506 1063 6.
1521 1034 1614 1064 docet
1631 1044 1703 1073 quze
1722 1046 1794 1067 ma-

952 1082 1048 1106 trouae
1067 1076 1205 1116 proprie,
1222 1086 1294 1116 quae
1312 1076 1550 1107 materfamilias
1566 1077 1736 1109 diceretur.

994 1120 1040 1149 At
1055 1119 1141 1158 illos]
1174 1120 1267 1150 Bruti
1297 1121 1327 1149 <Sc
1356 1120 1480 1159 Aquilii
1515 1120 1609 1158 filios,
1647 1122 1793 1163 aliosque

951 1164 1147 1201 conjuratos,
1163 1163 1317 1193 libertatis
1331 1163 1360 1192 ἅτ
1375 1164 1482 1201 patriae
1502 1163 1682 1202 proditores.

999 1205 1141 1243 Verbera,
1154 1207 1220 1245 egra]
1244 1205 1342 1245 Nam,
1354 1212 1391 1236 ut
1404 1213 1449 1236 alt
1462 1206 1535 1236 Liv.
1548 1207 1601 1236 cit.
1648 1208 1794 1241 Consules

950 1249 981 1277 in
997 1249 1094 1279 sedem
1106 1259 1278 1287 processere
1287 1259 1386 1288 suam,
1401 1249 1540 1289 missique
1555 1251 1676 1280 lictores
1685 1252 1732 1288 gui
1743 1263 1793 1283 su.

950 1293 1088 1322 mendum
1103 1293 1283 1332 supplicium
1299 1293 1432 1322 nudatos
1446 1293 1543 1332 virgis
1555 1294 1687 1332 caedunt,
1710 1305 1795 1326 secu.

950 1335 1035 1373 rique
1045 1335 1172 1373 feriunt
1183 1348 1193 1364 .·
1217 1336 1282 1365 cum
1298 1336 1378 1364 inter
1393 1346 1479 1365 omne
1494 1340 1609 1374 tempus
1619 1342 1713 1375 pater
1727 1340 1795 1369 vul-

951 1382 1057 1417 tusque
1072 1380 1094 1416 ἐξ
1109 1388 1141 1407 os
1156 1380 1222 1418 ejus
1243 1381 1415 1418 spectaculo
1431 1382 1508 1408 esset
1518 1390 1532 1414 ,·
1556 1380 1706 1410 eminente
1721 1384 1791 1413 ani-

950 1432 996 1451 mo
1005 1422 1112 1459 patrio
1126 1422 1204 1451 inter
1213 1421 1342 1460 publicce
1352 1431 1453 1460 poenae
1468 1422 1679 1453 nzim'sterium.

992 1465 1068 1495 268.
1093 1464 1211 1506 Legum
1232 1466 1335 1504 prima
1358 1464 1482 1502 securis]
1504 1466 1558 1495 An
1575 1467 1662 1505 quod
1689 1468 1793 1506 prima

950 1507 1020 1538 haec
1033 1508 1131 1538 fuerit
1145 1508 1377 1538 animadversio
1393 1508 1572 1538 secundum
1595 1510 1680 1550 leges
1703 1514 1793 1543 resti-

950 1557 1047 1590 tutas,
1076 1552 1150 1582 cum
1182 1552 1310 1591 Regum
1336 1552 1463 1582 arbitrio
1491 1561 1590 1582 omne
1615 1554 1670 1591 jus
1697 1561 1794 1586 antea

949 1595 1108 1625 contineri
1128 1594 1307 1625 videretur?
1331 1595 1387 1624 An
1401 1595 1490 1634 quod
1512 1596 1621 1626 omnia
1640 1597 1725 1635 jura,
1742 1598 1791 1628 in-

948 1638 1115 1677 signiaque
1156 1638 1254 1677 primi
1289 1638 1446 1668 Consules
1474 1638 1605 1668 tenuere
1634 1641 1792 1681 quodque

950 1679 1072 1711 Brutus
1087 1682 1171 1720 prior
1186 1681 1386 1712 concedente
1405 1681 1539 1721 Collega
1551 1681 1649 1712 fasces
1665 1684 1791 1724 habuit,

951 1724 1010 1762 qui
1026 1734 1092 1755 non
1107 1725 1207 1755 acrior
1222 1725 1342 1754 vindex
1357 1724 1523 1763 libertatis,
1551 1726 1651 1764 quam
1675 1727 1791 1758 deinde

951 1772 1059 1797 custos
1085 1767 1169 1797 fuit?
1206 1768 1286 1797 Haec
1303 1767 1374 1797 Liv.
1392 1768 1463 1797 init.
1478 1768 1533 1798 lib.
1555 1769 1587 1797 2.
1631 1770 1687 1799 An
1703 1772 1793 1808 quod

951 1809 1021 1839 haec
1035 1810 1138 1848 prima
1162 1811 1260 1840 fuerit
1275 1810 1368 1848 ultio,
1392 1820 1435 1840 ex
1453 1820 1518 1850 quo
1540 1810 1662 1842 Brutus
1685 1823 1793 1853 popu.

951 1851 1022 1882 lum
1047 1853 1258 1891 jurejurando
1286 1853 1446 1892 adegerat,
1475 1854 1643 1884 neminem
1679 1856 1790 1887 Roma:

950 1904 1093 1934 regnare,
1118 1905 1178 1926 nec
1194 1905 1261 1926 esse
1278 1896 1458 1935 quidquam
1481 1896 1517 1925 in
1541 1896 1618 1925 urbe
1633 1908 1791 1939 passuros,

951 1938 1038 1968 unde
1065 1939 1249 1978 periculum
1264 1939 1403 1969 libertati
1418 1937 1521 1969 foret?
1543 1939 1609 1969 Tit.
1627 1940 1699 1972 Liv.
1713 1942 1790 1974 ibid.

950 1980 1064 2020 Virgil.
1080 1980 1209 2012 AEneid.
1223 1983 1253 2012 6.
1271 1983 1330 2011 sub
1346 1982 1458 2012 finem.

998 2023 1050 2054 Vis
1063 2026 1086 2062 ξς
1103 2025 1282 2063 Tarquinios
1297 2035 1384 2066 reges
1394 2035 1408 2060 ,·
1430 2024 1621 2064 animamque
1632 2028 1792 2065 superbam

998 2066 1115 2097 Ultoris
1127 2067 1393 2106 Bruti,facesque
1408 2068 1509 2097 videre
1524 2072 1658 2107 receptos
1668 2068 1684 2098 .'

996 2109 1134 2141 Consulis
1147 2111 1305 2150 imperium
1319 2111 1368 2141 hic
1378 2111 1496 2150 primus
1507 2121 1661 2150 soevasque
1674 2120 1791 2147 secures

993 2154 1146 2194 Accipiet,
1163 2158 1309 2193 natosque
1319 2158 1410 2193 pater
1422 2164 1497 2183 nova
1512 2154 1593 2184 bella
1605 2162 1756 2187 moventes

994 2198 1048 2227 Ad
1054 2207 1181 2236 poenam
1192 2196 1324 2237 pulchra
1334 2207 1392 2238 pro
1408 2197 1549 2227 libertate
1563 2199 1683 2228 vocabit

993 2239 1124 2279 Infelix.

994 2284 1069 2314 269.
1091 2284 1182 2314 Ilsalo
1193 2288 1288 2323 pater
1304 2284 1360 2314 tibi
1374 2284 1415 2314 sit
1434 2282 1598 2321 Thersites]
1626 2284 1791 2319 l’raestaret

950 2330 984 2355 te
998 2325 1103 2356 filium
1125 2337 1192 2357 esse
1207 2328 1347 2358 hominis
1363 2327 1549 2365 triobolariS,
1572 2327 1690 2366 ignavi,
1714 2331 1787 2361 ridi-

951 2370 1026 2406 culi,
1042 2370 1138 2400 modo
1154 2377 1190 2401 tu
1205 2371 1312 2400 bonus
1325 2372 1354 2401 «Sc
1368 2370 1455 2400 fortis
1466 2379 1546 2399 esses
1558 2380 1566 2406 ;
1592 2371 1691 2408 quam
1702 2372 1788 2403 bono

948 2411 1090 2451 fortique
1111 2419 1240 2451 natum,
1262 2414 1467 2454 degenerem,
1489 2412 1674 2450 improbum
1693 2415 1722 2445 ἀ
1738 2426 1789 2447 50-

951 2456 1079 2486 cordem
1096 2466 1174 2486 esse.

997 2499 1163 2538 Thersites]
1201 2499 1266 2530 Hic
1283 2500 1316 2528 in
1332 2500 1475 2529 exercitu
1500 2497 1687 2530 Graecorum
1704 2501 1788 2533 iners

951 2542 1045 2582 aeque
1058 2552 1094 2572 ac
1108 2552 1242 2581 procax,
1255 2542 1360 2572 foedus
1372 2551 1407 2571 ac
1423 2541 1536 2580 turpis,
1552 2541 1675 2572 Achilli
1687 2545 1786 2576 etiam

950 2594 1049 2616 ausus
1073 2585 1251 2622 convitiari,
1276 2586 1315 2614 ab
1340 2594 1378 2613 eo
1394 2584 1460 2613 ictu
1482 2584 1584 2623 pugni
1599 2584 1787 2619 interfectus

950 2635 1006 2659 est.
1053 2629 1188 2659 Homer.
1206 2628 1296 2657 lliad.
1309 2629 1341 2657 2.

991 2672 1067 2702 270.
1089 2670 1230 2700 AEacz‘doe
1251 2668 1373 2708 similis]
1405 2669 1538 2707 Achilli,
1567 2671 1618 2701 vel
1644 2673 1786 2712 cuipiam

948 2715 1039 2744 alteri
1055 2713 1257 2745 AEacidarum
1282 2721 1435 2752 generoso
1456 2712 1580 2752 similis,
1603 2713 1788 2755 dignusque

950 2756 1050 2788 AEaco
1064 2764 1165 2796 patre,
1179 2757 1236 2795 qui
1251 2756 1290 2785 ob
1301 2755 1434 2794 justitiae
1447 2755 1684 2794 famamjudex
1697 2760 1786 2799 apud

950 2799 1071 2830 Inferos
1087 2801 1103 2828 a
1122 2800 1258 2829 Plutone
1272 2799 1467 2828 constitutus
1483 2798 1592 2831 fertur.

997 2842 1204 2881 Vulcaniaque
1224 2851 1310 2871 arma
1329 2839 1488 2882 capessas]
1523 2842 1656 2879 Invicta,
1679 2844 1788 2882 qualia

951 2892 1065 2925 rogatu
1081 2885 1227 2915 Thetidis
1250 2885 1359 2914 matris
1381 2884 1504 2915 Achilli
1519 2884 1683 2915 fabricavit
1703 2886 1785 2915 Vul-

951 2937 1050 2958 canus
1064 2940 1070 2957 :
1096 2937 1200 2967 eaque
1213 2932 1280 2957 tam
1295 2927 1371 2958 scite
1387 2937 1541 2966 capessas,
1558 2928 1657 2966 quam
1672 2927 1784 2958 Achil-

950 2972 994 3001 les
1010 2973 1087 3001 olim
1098 2971 1241 3009 juvenis,
1264 2980 1322 3010 per
1335 2971 1397 3001 hoc
1412 2971 1451 3000 ab
1467 2969 1581 3010 Ulysse
1596 2969 1741 3001 detectus
1755 2973 1786 3002 δε

949 3014 989 3044 ad
1004 3014 1127 3044 bellum
1142 3015 1322 3052 Trojanum
1337 3014 1505 3044 abductus.

994 3058 1069 3088 271.
1093 3056 1243 3096 Achilles]
1266 3057 1414 3087 Thetidis
1429 3065 1464 3085 ac
1482 3054 1567 3085 Pelei
1589 3054 1686 3093 filius,
1700 3055 1787 3087 Grae-

74 3099 149 3130 tiam
164 3098 362 3141 vindicatam,
377 3101 400 3140 ‹5-
415 3102 495 3141 quod
505 3101 560 3132 sub
579 3102 721 3144 Tyranno
738 3103 797 3135 vim
807 3103 909 3144 patie-
954 3110 1066 3132 corum
1081 3099 1290 3141 fortissimus5
1315 3098 1462 3132 Hectoris
1475 3096 1669 3140 interfector,
1679 3097 1785 3139 Trojae

871 3144 963 3188 M2
