1948 3281
697 113 884 158 PERSII
917 111 1139 156 SATIRA
1167 111 1207 155 1.

78 210 136 253 Et
156 208 228 266 qui
249 207 490 250 coerulaeum
513 206 727 249 dirimebat
748 208 884 250 Nerea
906 205 1089 262 delphin.

78 267 149 310 Sic
172 277 329 308 costam
351 266 477 322 longo
500 265 774 307 subduximus
796 264 1040 320 Apennino.

1727 108 1810 156 277

1289 204 1312 242 ᾅ·
1337 202 1472 242 Delphin
1497 203 1549 241 qui
1574 203 1696 232 secabat
1723 210 1807 230 mare

1219 261 1271 302 95
1289 247 1451 277 Glaucum.
1511 246 1562 294 {ta
1597 245 1803 296 subtraximus

1215 318 1222 325 ,
1288 289 1368 320 latus
1382 290 1562 328 Appennino
1578 288 1667 326 longe
1688 292 1802 326 palen-

78 326 211 367 Arma
245 324 394 374 virum,
433 338 573 364 nonne
609 324 690 364 hoc
732 337 994 379 spumosum,
1042 321 1082 363 &
1123 329 1275 361 cortice
1290 334 1324 362 ti.
1346 333 1506 372 Numquid
1532 342 1587 360 nrm
1616 329 1802 360 etiamillud

251 381 395 438 pingui
414 382 427 422 ?

81 441 145 483 Ut
167 439 316 481 ramale
336 447 452 480 vetus
475 438 701 496 praegrandi
724 437 865 480 subere
887 445 1071 479 coctum.

1288 386 1431 415 carmen,
1456 376 1552 405 Arma
1575 374 1682 411 virum,
1697 372 1802 411 spuma

1283 422 1408 458 plenum
1424 426 1480 456 est,
1497 420 1519 456 ᾗ·
1535 427 1634 447 crasso
1648 415 1771 446 induvia
1784 416 1799 444 ,2

1285 463 1371 493 Sicut
1389 472 1489 492 ramus
1511 470 1641 490 annosus
1663 461 1804 489 decoctus

76 497 293 556 Quidnam
313 497 435 553 igitur
452 508 654 547 tenerum,
676 497 714 538 Sc
731 496 823 537 laxa.
839 495 994 537 cervice
1016 493 1237 550 legendum
1255 493 1268 533 ?
1286 506 1406 547 ingenti
1423 507 1538 536 subere.
1584 503 1714 541 Ecqzmd
1730 511 1801 540 ergo

78 557 212 597 Torva
234 554 518 596 Mimalloneis
541 552 767 609 implerunt
785 568 940 595 cornua
962 551 1142 603 bombis,

77 614 133 656 Et
155 621 317 669 raptum
338 612 468 656 vitulo
491 622 614 669 caput
641 612 821 654 ablatura
843 609 1016 666 superbo

1287 559 1417 579 carmen
1434 547 1536 584 molle,
1561 546 1800 585 &pronuncian-

1198 608 1277 649 100
1289 593 1357 622 dum
1371 593 1471 645 cfff'i‘f
1487 592 1602 628 deflexo
1614 589 1629 619 ?
1668 589 1798 637 Nempe

1288 635 1350 665 leoec
1360 648 1369 664 :
1386 636 1534 671 inflarunt
1550 634 1638 663 tubas
1652 632 1800 661 terribiles

671 680 751 711 sonis
765 678 999 717 Bacclmutium,
1023 680 1046 717 ἐξ
1062 687 1140 708 mox
1156 677 1265 718 Agave
1280 684 1419 719 ereptura
1435 682 1527 718 caput
1541 675 1678 707 ablatum
1695 674 1804 705 bucule

82 836 161 877 Atty
190 837 330 867 Carmen
357 836 545 876 rhythmicis
571 834 697 875 implet,
730 835 822 874 quasi
851 844 917 864 una

80 881 146 910 sint
162 881 231 910 haec
250 890 322 910 vera
338 881 484 910 carminis
500 886 698 909 ornamenta.

125 923 232 961 Attin]
257 922 398 962 Nempe,
426 928 462 952 ut
486 922 632 962 rythmus
660 922 736 951 insit
762 922 916 960 versibus,

958 835 1024 865 sio:
1049 834 1182 874 grandes
1199 834 1329 874 quidem
1354 834 1383 863 8.-
1407 833 1561 863 sublimes
1583 834 1659 860 sunt
1673 826 1800 869 Virgilii

961 887 1081 916 versuS,
1108 878 1161 907 sed
1185 887 1251 907 non
1280 878 1395 913 inflati,
1419 877 1485 905 imo
1509 873 1658 912 dissipata
1677 871 1795 911 spuma

961 922 989 950 &
1004 926 1133 952 tumore
1158 921 1298 950 discusso
1320 921 1410 950 velut
1425 919 1507 949 cocti
1521 922 1599 947 sunt
1623 917 1650 946 &
1668 920 1797 945 maturo

80 966 186 1005 Attin,
209 967 396 1005 legendum,
420 975 486 995 non
509 967 622 1005 Attys:
658 972 694 995 ut
724 972 835 995 monet
862 966 915 996 Jo.
955 964 1079 1002 judicio
1107 964 1258 1004 perfecti:
1284 964 1401 993 similes
1428 971 1514 991 ramo
1543 960 1653 997 veteri,
1678 968 1797 996 magno

83 1010 236 1047 Scaliger,
260 1011 287 1039 Sc
313 1010 364 1039 alii
389 1009 571 1038 doctissimi.
620 1007 686 1038 Dio
709 1008 748 1038 de
773 1008 916 1047 Nerone,

81 1050 295 1092 ἐκιθαξωοησεν
319 1049 432 1082 ἈτἾὶνα
460 1050 474 1082 ἦ
502 1052 638 1094 Βάκχας.
680 1052 770 1082 Idem
801 1062 916 1092 sugge-

84 1102 159 1126 runt
176 1101 297 1125 veteres
311 1095 444 1126 Glossae.

125 1138 346 1178 Berecynthius
360 1138 466 1177 Attin]
489 1138 594 1176 Attin,
617 1139 682 1168 sive
699 1139 804 1178 Attys,
817 1139 917 1179 Phry-

81 1182 153 1222 gius
180 1192 261 1222 puer
284 1183 459 1213 admodum
482 1182 638 1212 formosus
665 1182 830 1213 adamatus
854 1183 917 1221 Cy-

83 1226 166 1264 bele,
190 1236 261 1265 quas
290 1227 307 1255 a
323 1226 524 1265 Berecyntlio
541 1231 652 1256 monte
668 1226 754 1256 Asiae
773 1226 917 1264 minoris,

85 1269 142 1299 ubi
157 1270 336 1307 colebatur,
359 1278 542 1308 cognomen
558 1269 674 1308 adepta
690 1276 735 1298 est
751 1279 760 1299 ς
788 1269 872 1298 unde
890 1271 919 1299 Sc

85 1312 153 1351 ipse
175 1313 289 1351 pariter
310 1312 543 1351 Berecynthius
564 1312 676 1342 dictus.
724 1311 776 1341 De
791 1321 829 1342 eo
843 1312 919 1342 Car-

82 1365 159 1385 men
177 1364 222 1385 est
239 1356 360 1385 Catulli
374 1356 613 1395 sexagesimum
630 1361 793 1394 quartum.
839 1355 920 1385 Vide

86 1399 117 1428 δε
129 1398 225 1429 Ovid.
244 1399 327 1428 Fast.
343 1401 376 1428 4.

170 1441 275 1481 Phryx
286 1452 366 1480 puer
376 1442 410 1471 'in
427 1441 522 1479 sili-is,
539 1442 597 1471 &a

128 1485 182 1515 94.
204 1484 378 1515 Dirimebat
394 1485 512 1524 Nerea]
548 1485 663 1515 Nando
681 1486 806 1516 secabat
823 1495 919 1517 mare.

86 1527 209 1559 Persius
225 1530 329 1568 arguit
344 1538 469 1559 versum
487 1529 578 1558 hunc
593 1534 749 1568 tanquam
773 1530 921 1559 audacio-

87 1571 173 1600 ribus
190 1572 384 1611 metaphoris
400 1571 561 1601 inflatum.
610 1571 734 1602 Nereus
750 1572 841 1602 Deus
855 1582 923 1603 ma-

88 1614 188 1652 rinus,
213 1616 449 1653 metonymicas
466 1624 521 1653 pro
538 1615 615 1644 mari
630 1616 773 1654 ponitur.

131 1657 281 1696 Delphin]
317 1658 389 1688 Hoc
405 1658 492 1687 aliud
507 1667 574 1687 esse
589 1659 680 1688 aiunt
696 1658 833 1689 Neronis
849 1660 921 1690 Car·

89 1709 165 1730 meri
181 1701 219 1730 de
237 1702 368 1739 Arione,
393 1711 492 1740 quem
509 1701 599 1731 dorso
616 1703 749 1740 excepit
764 1703 923 1741 Delphin.

89 1745 118 1773 δι
132 1743 170 1772 ad
186 1747 317 1783 portum
332 1746 434 1774 vexit.
480 1743 568 1783 Lege
583 1742 801 1783 Herodotum,
818 1746 874 1775 lib.
892 1748 922 1775 1.

88 1787 196 1826 Agell.
225 1788 279 1817 lib.
308 1787 359 1817 16.
385 1797 454 1826 cap.
481 1787 609 1816 ultimo.
665 1788 758 1818 Ovid.
786 1789 870 1818 Fast.
891 1790 923 1819 2.

88 1829 172 1860 Plin.
187 1831 240 1860 lib.
258 1831 290 1861 9.
312 1840 385 1870 cap.
402 1832 434 1860 8.
459 1830 516 1860 ubi
531 1830 595 1869 agit
610 1831 650 1860 de
664 1830 851 1871 Delphinis,
875 1833 922 1871 ip·

87 1881 190 1912 soque
203 1874 336 1904 Arione.

133 1917 184 1947 95.
210 1917 275 1955 Sic]
301 1917 335 1947 Id
353 1923 410 1955 est,
434 1927 492 1956 per
505 1918 645 1948 similem
660 1918 848 1957 vanitatem,
878 1919 925 1949 af-

92 1959 314 1998 fectationem,
338 1970 485 1991 errorem.

135 2002 258 2033 Castam
270 2002 482 2045 subduximus]
504 2004 613 2035 Unam
639 2004 793 2043 syllabam
823 2005 926 2034 versui

93 2046 222 2076 heroico
241 2052 399 2086 tanquam
427 2048 565 2087 longiori
594 2047 778 2078 subtrahere
807 2049 926 2077 amavit

93 2087 193 2127 Nero,
207 2089 381 2119 substituto
397 2091 430 2119 in
445 2091 537 2121 tertia
548 2091 622 2120 sede
635 2090 821 2130 frequenter
832 2100 928 2129 spon-

94 2131 173 2161 daeo.
220 2132 314 2161 Porro
350 2143 407 2171 per
436 2139 557 2164 costam
582 2134 762 2172 Apennino
788 2134 927 2164 subduc-

94 2180 160 2204 tam
184 2175 335 2214 intelligit
348 2176 432 2205 latus
457 2177 485 2205 δε
508 2183 626 2206 certam
640 2183 762 2215 partem
778 2178 929 2216 Alpium,

93 2218 240 2248 alludens
255 2219 292 2248 ad
307 2219 517 2257 Annibalem,
541 2220 598 2258 qui
614 2220 688 2258 igne
705 2222 734 2249 ὃ(
750 2225 840 2249 aceto
857 2230 929 2250 eam

94 2262 252 2301 perrupit,
275 2261 401 2300 sibique
426 2271 554 2301 suoque
576 2263 735 2292 exercitui
750 2263 833 2292 viam
850 2273 928 2302 ape-

97 2305 171 2334 ruit.
216 2305 377 2336 Plutarch.
396 2305 434 2336 in
456 2305 532 2335 Vita
554 2305 733 2336 Annibalis.
778 2305 844 2335 Tit.
859 2306 929 2336 Liv.

93 2347 148 2378 lib.
165 2349 218 2378 21.
439 2372 449 2378 .

137 2390 246 2432 Longo
258 2390 435 2434 Apennino]
459 2391 569 2431 Longe
585 2400 678 2421 mons
692 2391 746 2421 ille
763 2397 931 2430 protensus

95 2444 154 2474 per
168 2435 292 2465 Italiam
315 2436 455 2465 mediam
471 2436 615 2465 excurrit
638 2434 677 2464 ad
693 2435 813 2464 fretum
829 2444 932 2474 usque

97 2479 258 2508 Siculum.

141 2522 192 2551 96.
217 2524 312 2552 Arma
338 2522 451 2560 virum]
488 2521 617 2560 Virgilii
638 2519 811 2551 AEneidem
838 2520 933 2550 intel-

96 2563 177 2602 ligit.
221 2564 382 2596 Nimirum
409 2565 535 2603 reponit
565 2564 668 2594 Persio
696 2564 847 2600 monitor,
880 2564 932 2593 vel

98 2607 205 2646 quivis
217 2608 299 2639 alius
313 2609 512 2649 turgidorum
528 2616 680 2636 versuum
696 2606 812 2636 artifex
829 2608 857 2636 ἀ
875 2616 930 2646 pa-

100 2656 210 2679 tronus
224 2661 232 2679 :
257 2653 283 2681 si
297 2657 334 2682 tu
350 2658 455 2682 nostra
469 2650 612 2680 carmina
628 2659 693 2679 non
712 2650 836 2687 probas,
852 2650 932 2689 quid

101 2702 221 2732 quaese,
234 2702 344 2724 censes
357 2695 397 2724 de
412 2694 587 2732 virgiliana
603 2692 760 2723 AEneide?
798 2693 853 2722 An
868 2702 935 2723 non

104 2736 133 2765 <Sc
149 2736 194 2765 illi
210 2745 319 2766 versus
333 2737 531 2767 videbuntur
544 2736 687 2775 spumosi
706 2737 733 2766 δι’
749 2734 870 2765 inflati?

143 2779 333 2817 Spumosum]
356 2780 454 2810 Vario
480 2785 608 2809 tumore
633 2779 723 2808 velut
739 2779 853 2817 spuma
869 2783 934 2808 tur-

102 2830 233 2860 gescens
246 2823 462 2852 extrinsecus:
486 2823 555 2852 sine
583 2822 650 2851 ulla
682 2823 770 2851 intus
794 2821 936 2852 medulla

104 2865 131 2893 ἃ
150 2874 255 2894 succo.

149 2907 270 2937 Cortice
280 2908 393 2947 pingui
405 2907 436 2947 .⁷]
451 2908 574 2946 Crasso,
592 2908 717 2945 inflato,
732 2907 864 2946 qualem
880 2909 937 2938 ha·

103 2949 159 2979 bet
173 2950 278 2980 suber.
324 2951 406 2981 Vide
421 2951 501 2980 Plin.
518 2952 572 2981 lib.
592 2952 643 2981 16.
658 2961 727 2989 cap.
747 2951 776 2979 8.

148 2994 200 3024 97.
227 2993 268 3022 Ut
289 2996 403 3023 ramale
428 2994 527 3032 vetus]
560 2995 716 3033 ,Iungunt
744 2995 813 3024 haec
839 2994 940 3033 aliqui

105 3045 181 3065 cum
195 3037 461 3075 praecedentibus‚
485 3038 512 3066 δι
540 3038 689 3067 tribuunt
715 3036 880 3073 monitori,
905 3044 942 3066 ut

105 3079 147 3108 sit
169 3079 327 3117 expolitio
353 3080 463 3118 prioris
489 3081 669 3110 sententiae.
714 3081 761 3109 At
786 3079 943 3109 doctiores

102 3122 294 3161 sejungunt,
317 3130 355 3153 ut
371 3124 412 3153 sit
427 3123 523 3153 Persii
538 3123 578 3152 ad
592 3123 787 3154 monitorem
811 3132 943 3164 respon-

960 1008 1108 1047 quidem,
1131 1008 1185 1037 sed
1210 1008 1313 1038 calore
1344 1007 1426 1036 Solis
1451 1006 1477 1034 <Sc
1507 1008 1601 1033 aetate
1624 1001 1795 1041 paululum

960 1051 1136 1081 imminuto
1153 1052 1179 1080 ἃ
1195 1052 1320 1081 siccato.
1366 1049 1451 1079 Vide
1462 1046 1601 1080 Quintil.
1615 1046 1671 1076 lib.
1686 1046 1735 1075 10.

1005 1094 1202 1135 Praegmndi]
1226 1094 1294 1124 Alii
1309 1095 1436 1133 legunt,
1459 1089 1628 1131 mgramli.

1003 1137 1130 1177 Subere]
1167 1138 1274 1176 Suber,
1296 1138 1386 1167 arbor
1408 1145 1514 1166 crassa:
1538 1133 1670 1163 corticis.
1714 1131 1799 1161 Plin.

961 1181 1016 1211 lib.
1035 1181 1085 1211 16.
1107 1191 1175 1220 cap.
1193 1182 1224 1210 8.

1006 1224 1148 1263 coctum]
1184 1225 1366 1260 Maturum,
1401 1224 1530 1259 durum,
1560 1220 1706 1250 solidum.
1756 1218 1799 1248 Et

962 1267 1192 1307 metaphorice,
1216 1269 1290 1308 igne
1321 1267 1413 1306 quasi
1438 1266 1550 1305 judicii
1574 1269 1744 1301 exoctum,
1769 1262 1798 1291 Sc

963 1311 1162 1342 eloboratum
1181 1311 1217 1341 ad
1235 1311 1398 1341 amussim.

1007 1355 1058 1385 98.
1089 1354 1241 1388 Quidnam
1268 1354 1368 1394 igilur
1398 1356 1544 1387 tenerum,
1569 1350 1635 1388 ἐξα]
1671 1349 1800 1379 Excan-

965 1398 1062 1427 descit
1088 1399 1239 1437 monitor,
1266 1398 1292 1426 &
1326 1398 1358 1426 in
1383 1395 1526 1426 Persium
1558 1393 1712 1434 insurgit:
1751 1402 1803 1421 ec-

966 1441 1054 1479 quod
1084 1450 1157 1481 ergo
1185 1450 1314 1471 carmen
1345 1439 1404 1469 tibi
1431 1437 1560 1468 tandem
1595 1434 1803 1475 probabitur?

965 1483 1062 1517 Quod
1076 1494 1204 1515 carmen
1219 1483 1393 1523 legendum
1411 1483 1479 1511 sine
1504 1480 1568 1509 ulla
1584 1479 1802 1517 affectatione,

966 1528 1044 1566 quia
1067 1537 1125 1567 per
1138 1538 1206 1558 sese
1227 1525 1542 1557 commendationem
1568 1522 1721 1553 habebit?
1746 1522 1803 1552 An

965 1571 1039 1601 vero
1057 1571 1162 1601 ullum
1180 1578 1237 1608 est,
1262 1570 1349 1609 quod
1377 1569 1440 1608 legi
1465 1568 1559 1606 possit
1576 1566 1649 1596 laxa
1677 1565 1802 1604 cervice,

964 1624 1001 1643 ac
1023 1614 1154 1654 perinde
1180 1623 1338 1653 magnum
1360 1617 1453 1642 sonet
1481 1614 1506 1639 ἃ
1534 1611 1664 1650 grande,
1688 1618 1804 1649 quam-

967 1657 1011 1687 vis
1043 1659 1129 1688 haud
1160 1657 1265 1688 erecta
1290 1658 1317 1686 δε
1349 1653 1485 1694 superba
1508 1654 1631 1693 legatur
1660 1651 1804 1683 cervice?

967 1701 1054 1740 quod
1070 1702 1202 1740 quidem
1218 1701 1363 1731 solemne
1379 1704 1427 1728 est
1445 1699 1470 1727 ἃ
1488 1697 1618 1727 solitum
1637 1696 1739 1726 Poetis
1755 1695 1806 1724 in-

967 1744 1048 1775 flatis
1064 1745 1206 1784 turgidos
1220 1754 1294 1774 suos
1310 1751 1418 1772 versus
1431 1741 1626 1780 legentibus,
1641 1740 1699 1778 qui
1714 1748 1804 1778 mag-

969 1797 1049 1817 num
1075 1787 1153 1826 quid
1170 1788 1210 1818 de
1234 1797 1268 1817 se
1287 1786 1362 1825 ipsis
1378 1785 1506 1822 suisque
1523 1782 1717 1813 carminibus
1732 1791 1804 1812 sen-

968 1831 1066 1867 tiunt,
1092 1830 1121 1859 &
1138 1831 1206 1860 aliis
1224 1829 1413 1869 persuadere
1435 1827 1584 1857 nituntur
1600 1826 1738 1865 superbo
1750 1825 1804 1855 illo

968 1882 1027 1903 suo
1043 1879 1146 1913 gestu.

1012 1917 1064 1947 99.
1104 1917 1199 1947 Torva
1213 1915 1437 1954 Mimalloneis]
1476 1913 1662 1953 Respondet
1688 1913 1805 1944 ironice

968 1959 1112 1990 Persius:
1146 1962 1214 1990 haec
1245 1960 1363 1999 nempe
1391 1959 1588 1995 Neroniana,
1622 1957 1639 1986 e
1669 1957 1805 1988 Bacchis

968 2004 1048 2040 ejus,
1071 2005 1229 2034 concinna
1254 2010 1342 2033 sunt.
1387 2002 1482 2032 Porro
1509 2002 1542 2030 in
1569 2000 1634 2030 istis
1662 2000 1806 2031 versibus

973 2047 1076 2076 mollis
1108 2054 1152 2077 est
1187 2047 1335 2086 rythmus
1372 2047 1401 2076 Sc
1439 2044 1618 2081 affectatus,
1652 2044 1805 2075 caeterurn

973 2090 1072 2129 quam
1088 2092 1192 2120 tenuis
1203 2099 1328 2128 sensus,
1343 2091 1371 2119 δε
1388 2088 1556 2118 verborum
1575 2086 1691 2116 tumori
1704 2088 1804 2124 quam

972 2133 1148 2163 minimum
1167 2133 1337 2172 respondet
1352 2132 1358 2162 Ε
1385 2133 1471 2161 Sunt
1487 2130 1545 2170 qui
1561 2135 1682 2168 negent
1697 2139 1805 2161 versus

973 2176 1030 2205 hos
1049 2177 1185 2207 Neronis
1201 2187 1267 2206 esse
1283 2176 1336 2205 sed
1353 2176 1369 2204 a
1386 2174 1490 2204 Persio
1506 2173 1543 2203 ad
1563 2173 1804 2203 similitudinem

972 2218 1232 2250 Neronianorum
1272 2219 1436 2255 confictos,
1472 2223 1507 2247 ut
1544 2217 1687 2245 dicemus
1724 2216 1806 2246 infra

973 2271 1037 2292 ver.
1057 2264 1126 2292 121.
1153 2265 1192 2294 ad
1218 2265 1287 2294 haec
1314 2262 1429 2292 verba:
1452 2261 1615 2291 Auriculas
1637 2259 1715 2288 asini
1739 2260 1807 2297 quis

972 2314 1031 2334 non
1045 2305 1134 2335 habet
1146 2306 1161 2335 .?

1021 2348 1132 2387 Torva]
1153 2350 1217 2379 Vel
1234 2350 1251 2378 ὲ
1266 2348 1414 2378 terrendo
1427 2349 1517 2387 quasi
1533 2352 1616 2378 tei-va
1628 2358 1641 2383 ,·
1663 2347 1714 2376 vel
1727 2351 1808 2378 torta

974 2391 992 2420 a
1008 2393 1201 2431 torquendo,
1225 2393 1255 2422 id
1273 2398 1332 2430 est,
1355 2392 1485 2421 inflexa.

1017 2434 1242 2474 Mimalloneis]
1267 2436 1396 2471 Mimas,
1420 2435 1512 2472 antis,
1536 2433 1633 2463 Ioniae
1651 2443 1756 2471 mons,
1772 2434 1810 2465 in.

976 2486 1042 2516 quo
1057 2478 1154 2518 Orgia
1176 2479 1308 2509 Baccho
1332 2478 1582 2508 celebrabantur.
1628 2477 1715 2507 Hinc
1729 2478 1808 2508 Bac-

975 2520 1107 2551 chantes
1128 2522 1218 2551 dictae
1238 2521 1455 2551 Mimallones.

1018 2563 1187 2603 Implerunt
1201 2565 1325 2603 cornua]
1349 2564 1456 2593 Vento
1481 2562 1646 2601 inflamur,
1675 2565 1704 2594 ἀ*
1729 2566 1810 2595 ceci-

976 2614 1105 2637 nerunt.
1150 2607 1184 2637 Id
1209 2614 1266 2645 est,
1290 2608 1398 2637 statim
1423 2614 1524 2646 atque
1541 2607 1670 2646 signum
1695 2608 1810 2640 datum

975 2654 1022 2678 est
1038 2650 1275 2680 Bacchantibus
1292 2660 1347 2689 per
1362 2650 1465 2679 tubas.

1022 2691 1159 2732 Bombis]
1193 2693 1271 2722 Vox
1303 2693 1342 2723 ad
1373 2693 1588 2723 imitationem
1622 2695 1694 2724 soni
1716 2695 1807 2726 facta.

979 2734 1106 2773 Proprie
1140 2736 1259 2766 bombus
1295 2742 1343 2766 est
1377 2736 1431 2765 ille
1461 2745 1557 2765 sonus
1587 2745 1687 2775 quem
1711 2739 1813 2769 edunt

978 2788 1064 2818 apes.

1025 2822 1096 2850 100.
1126 2820 1244 2860 Vitulo]
1272 2822 1428 2860 Pentheo,
1453 2832 1551 2863 quem
1578 2823 1718 2853 vitulum
1747 2834 1814 2855 esse

980 2864 1180 2894 crediderunt
1214 2865 1358 2895 furentes
1383 2866 1442 2896 illae
1482 2866 1646 2903 mulieres,
1679 2868 1814 2906 ipsaque

981 2908 1093 2945 Agave
1117 2908 1184 2944 ejus
1201 2915 1311 2939 mater.
1359 2909 1527 2939 Horat.lib
1554 2911 1585 2938 2.
1613 2910 1721 2938 Sane.
1769 2911 1818 2940 At

983 2949 1079 2979 Ovid.
1093 2950 1347 2990 Metamorphos.
1362 2953 1395 2982 3.
1421 2961 1533 2991 aprum
1552 2952 1612 2980 illis
1627 2952 1744 2991 visum,
1759 2953 1818 2992 ait,

985 3002 1119 3030 remque
1133 3000 1233 3023 totam
1250 2996 1412 3036 eleganter
1424 2995 1580 3024 describit.

1028 3035 1175 3074 Superbo]
1200 3037 1423 3076 contemptori
1449 3038 1622 3076 Orgioruin
1650 3038 1678 3066 δε
1707 3038 1821 3069 Sacro—

987 3088 1059 3107 rum
1091 3078 1220 3109 Bacchi.
1267 3081 1523 3118 Metamorphos.
1556 3080 1601 3109 13.
1640 3079 1823 3113 Bacchana-

987 3121 1075 3153 lium
1096 3122 1204 3153 Romae
1233 3125 1400 3164 originem,
1427 3123 1453 3153 &-
1479 3123 1717 3162 abrogationem
1741 3126 1826 3167 lege,
