1948 3281
631 64 821 108 PERSII
863 61 1083 107 SATIRA
1119 63 1201 108 VI.

83 160 204 203 Tune
226 160 335 202 bona
355 156 579 201 incolumis
600 156 764 199 minuas
783 158 796 198 ?
832 158 888 198 Et
909 154 1073 198 Bestius
1096 162 1214 211 urget

83 219 290 261 Doctores
313 215 489 260 Graios:
534 215 589 257 ita
611 215 672 267 fit,
705 225 925 270 postquam
949 227 1085 268 sapere
1107 210 1198 253 urbi

1729 68 1814 110 349

1302 154 1388 185 Itane
1405 158 1478 188 vers)
1496 161 1528 186 tu
1553 158 1660 187 valens
1683 158 1823 190 decurias

1303 198 1390 227 rem!
1430 200 1570 239 lnquiet.
1616 201 1661 230 Et
1696 201 1820 232 Bestius

1303 241 1471 271 insectatur
1497 249 1697 282 proeceptores
1731 245 1820 274 Grae-

86 276 200 317 Cum
223 276 357 331 pipere
380 275 420 316 &
452 273 599 330 palmis
622 272 733 315 venit
755 281 946 314 nostrum
968 273 1048 313 hoe
1071 270 1193 312 maris
1216 284 1288 311 ex·
1303 294 1370 313 cae.-
1395 285 1439 313 sic
1464 287 1582 323 agitur,
1606 298 1643 316 ex
1671 297 1727 327 quo
1753 299 1823 318 nos-

258 348 363 388 pers,

83 390 313 432 Foenisecae
337 404 472 432 crasso
495 388 692 431 vitiarunt
715 387 900 446 unguine
922 386 1071 442 pultes.

83 449 193 490 Haee
216 449 350 491 cinere
372 448 538 490 ulterior
557 448 747 488 metuas?
782 447 842 488 At
866 455 910 487 tu
933 458 1050 485 meus
1073 443 1204 484 haeres

85 511 130 536 tes
155 507 284 537 ιιηείιινὰ
294 509 418 549 pingui.

83 547 187 589 lueres,

1306 331 1355 357 tra
1371 326 1432 357 hoec
1447 330 1599 367 sapientia
1615 341 1721 359 carens
1736 342 1819 362 mas-

1235 385 1292 426 40
1304 373 1372 402 culo
1386 372 1496 401 roboro
1511 373 1635 402 advenit
1660 374 1692 403 in
1708 374 1818 405 civita-

1306 419 1377 451 tem,
1400 417 1402 419 ’
1415 424 1480 444 cum
1506 415 1614 453 pipere
1644 417 1666 453 23·
1693 419 1819 456 palmis,

1303 463 1428 488 sectores
1441 458 1532 495 jorni
1553 459 1723 493 injecerunt
1745 461 1817 498 pul—

464 508 518 538 Au
534 505 747 544 istafhrmides
762 506 837 536 cum
859 504 919 535 eris
934 502 1019 533 ultra
1036 501 1172 532 cineres?
1215 501 1261 532 Τιι
1276 503 1344 531 vero
1358 501 1676 543 quicumquefutums
1690 512 1721 533 es
1736 513 1818 534 meus

884 639 1014 648 .---·

80 745 209 783 primum
224 748 303 777 rea-it
320 748 336 777 ἑ
352 749 465 788 Ponto,
477 749 621 789 annisque
640 748 710 786 120,
724 752 810 777 trans
825 746 926 777 Ocea-

84 798 154 818 71an
172 790 201 819 ἰιι
222 789 417 822 Britanniam
431 802 524 831 usque
543 802 716 831 pervenere.
761 790 879 821 Eadem
895 791 927 819 in

87 831 224 871 sEgypto
237 834 324 864 nulla
338 836 413 865 curri
424 840 552 875 potuere
564 836 669 876 gigni,
694 836 751 864 &a

132 876 245 915 Castae]
269 878 349 908 Plin.
366 879 418 909 lib.
441 881 490 909 12.
514 889 585 918 cap.
604 880 653 909 19.
677 877 752 907 ante
768 879 822 908 cit.
846 878 925 909 Fru-

87 921 140 947 τοι·
163 924 207 949 cst
230 922 325 959 casia,
349 922 466 961 inquit,
480 922 638 961 juxtaque
656 922 790 951 cinnami
805 931 928 962 campos

88 963 235 1000 nascitur,
259 965 319 993 Sec.

129 1003 258 1036 Nescire
268 1007 416 1047 paratus]
440 1008 474 1038 ld
491 1014 548 1046 est,
573 1018 639 1038 non
659 1007 834 1039 admodum
860 1010 928 1039 ani-

89 1048 301 1088 madvertens,
323 1052 373 1081 vel
399 1052 615 1091 dissimulans,
640 1061 701 1091 prae
719 1053 928 1093 negligentia,

87 1091 143 1129 ira,
167 1092 355 1125 offensione.
551 1116 557 1123 ·

131 1136 183 1165 87.
225 1136 310 1167 Tune
339 1138 415 1167 bona
439 1138 598 1169 incolumis
623 1138 744 1168 minuas
757 1138 787 1177 .⁷]
824 1138 930 1179 Pergit

88 1187 222 1209 avarus:
249 1181 336 1210 itane
353 1182 425 1211 vero
439 1182 513 1211 curn
540 1183 644 1221 vigeas
670 1183 698 1211 δε
715 1182 832 1221 valcas,
856 1184 929 1213 nul-

88 1221 186 1259 laque
204 1225 408 1261 aegritudine,
424 1232 481 1254 aut
496 1226 678 1256 calamitate
694 1232 836 1263 coactus,
854 1236 928 1264 pro-

91 1264 206 1294 t'undes
223 1267 249 1295 S:
273 1268 434 1306 disperdes
450 1268 547 1306 bona,
572 1278 644 1307 quae
662 1268 701 1297 ad
718 1278 771 1298 me
798 1269 929 1299 haeredi-

89 1307 169 1337 tario
201 1309 276 1346 jure
315 1310 503 1350 pertinent?
550 1312 680 1352 inquiet
715 1312 796 1342 mihi
831 1313 931 1342 haeres

89 1359 192 1381 meus.

91 1437 118 1466 ἆ
132 1394 178 1423 Et
202 1395 325 1426 Bestius
350 1396 456 1438 urget]
480 1397 549 1427 Alii
563 1398 691 1439 legunt,
713 1397 776 1428 Sed
790 1396 929 1439 Bestius,

114 1447 150 1466 ὀ.

134 1480 276 1524 Bestius]
299 1483 432 1515 Nomen
448 1485 590 1524 imperiti
615 1486 643 1515 Sc
667 1485 752 1515 bruti
777 1485 931 1524 hominis,

91 1522 132 1552 de
146 1533 213 1563 quo
231 1526 384 1558 Horatius
406 1528 462 1559 lib.
482 1531 510 1559 1.
530 1529 634 1568 Epist.
649 1530 680 1559 5.
707 1529 762 1558 ubi
778 1529 932 1559 nonnulli

92 1570 202 1597 tamen
218 1569 344 1609 legunt,
367 1571 517 1602 Maenz'us.
562 1572 731 1603 Doctiores
756 1579 867 1602 tamen
890 1582 933 1604 ex

92 1612 226 1641 vetustis
242 1613 404 1644 codicibus
420 1616 547 1654 legunt,
573 1614 712 1653 Bestius,
735 1625 837 1654 quem
861 1615 932 1646 Ho-

93 1653 190 1684 ratius
205 1660 241 1685 ut
257 1666 404 1688 voracem
421 1659 449 1687 Sc
466 1659 659 1688 helluonem
676 1659 823 1688 exhibet.

135 1696 259 1727 Bestius
284 1705 373 1741 urget
400 1701 536 1730 doctores
562 1700 688 1739 Graios]
727 1701 934 1740 Haeredipeta

94 1739 148 1769 ille
163 1742 274 1772 avidus
299 1751 427 1774 accusat
441 1744 666 1783 Philosophos,
689 1745 747 1783 qui
764 1745 934 1775 liberalita-

93 1787 160 1813 tem
188 1785 217 1814 Sc
244 1788 500 1818 munificentiam
526 1787 792 1817 commendantes
807 1798 843 1817 ac
859 1797 931 1818 sua-

93 1825 218 1865 dentes,
242 1829 274 1858 in
302 1840 397 1862 causa
421 1836 499 1861 sunt
526 1841 584 1862 cur
605 1831 730 1861 minora
753 1831 933 1862 haeredibus

93 1870 326 1909 relinquantur.

75 1948 81 1955 ⁸
136 1914 188 1943 88.
212 1914 363 1946 Doctores
377 1917 501 1956 Graios]
524 1916 654 1947 Graecos
678 1916 757 1956 poni
781 1927 841 1957 pro
856 1917 932 1947 Phi-

94 1954 236 1996 losophis
256 1960 325 1996 jam
353 1961 498 1991 diximus
522 1961 587 1991 Sat.
606 1962 637 1998 1,
653 1961 680 1990 ἂ
696 1963 726 1990 5.
751 1970 844 1991 versu
860 1961 933 1991 ulti-

94 2008 160 2028 mo,
206 2001 269 2031 Hic
284 2005 358 2033 vero
373 2014 451 2043 cum
477 2005 545 2034 aliis
562 2003 759 2043 quibusdam
786 2005 933 2045 intelligo

95 2040 259 2074 Romanos
275 2046 420 2077 Graecam
435 2047 679 2086 Philosophiam
694 2053 862 2078 sectantes.

96 2127 103 2132 .
137 2085 191 2115 Ita
202 2087 248 2124 fit
265 2094 440 2128 postquam,
463 2091 532 2129 gc]
557 2091 609 2120 Sic
635 2090 754 2121 vivitur
778 2090 879 2128 laute,
903 2093 932 2121 R·

95 2137 130 2158 m
146 2130 252 2168 epulis
269 2142 304 2161 ac
329 2134 552 2163 munificentia
576 2143 654 2171 opes
681 2141 934 2173 consumuntur,

94 2180 140 2200 ex
165 2182 232 2211 quo
259 2174 371 2204 Graeca
398 2177 553 2215 sapientia
580 2176 716 2206 Romam
742 2178 833 2207 venit
857 2187 934 2208 cum

98 2216 258 2247 mercibus
284 2219 457 2258 peregrinis
486 2221 514 2249 Sc
541 2220 768 2249 transmarinis.
813 2220 844 2250 O
865 2231 934 2251 mo-

96 2267 165 2288 rem
179 2268 302 2291 novum
316 2263 326 2298 j
334 2262 413 2291 uxta
428 2272 465 2292 ac
481 2262 697 2301 perniciosum
715 2262 722 2292 !
758 2263 867 2301 inquit.
882 2264 935 2294 ille

95 2300 235 2333 Bestius.
282 2304 369 2334 Vide
393 2305 542 2336 Lactant.
566 2306 621 2335 lib.
644 2307 675 2334 3.
698 2314 770 2344 cap.
802 2306 852 2336 16.
877 2307 934 2336 ubi

96 2346 287 2383 sapientiam
304 2350 397 2386 quasi
414 2358 520 2387 nuper
535 2349 703 2379 advectam
720 2358 796 2378 cum
813 2350 936 2389 saporis

95 2389 258 2420 mercibus
274 2392 440 2430 proponit,
464 2393 609 2432 citatque
631 2392 742 2421 locum
759 2392 849 2422 hunc
863 2393 935 2423 Per-

98 2430 149 2468 sii,
165 2432 242 2462 item
259 2433 389 2464 Senecae
404 2436 499 2465 verba
514 2436 583 2465 haec
596 2446 605 2474 3
622 2434 767 2464 Nondum
776 2439 846 2465 sunt
857 2435 940 2466 mille

95 2474 183 2513 anui,
205 2485 245 2505 επ
255 2486 314 2516 quo
328 2478 419 2508 initia
434 2479 591 2517 sapientie
604 2482 680 2508 natu
694 2481 776 2508 sunt.

97 2515 141 2547 Et
157 2517 348 2551 Lucretium
363 2529 549 2561 canentem,

180 2560 321 2602 Denique
342 2568 455 2595 natura
471 2563 533 2594 haec
545 2574 656 2603 rer-um,
669 2564 808 2605 ratioque
819 2569 942 2604 reperta

270 2612 317 2637 est

184 2646 305 2688 Nuper,
329 2653 351 2690 ξς
367 2650 445 2681 hanc
462 2651 596 2692 primum
619 2660 685 2680 cum
695 2650 804 2690 primis
818 2651 884 2691 ipse
896 2662 942 2682 re-

265 2697 384 2732 pertus.

184 2734 281 2764 Nunc
295 2746 353 2777 ego
364 2747 428 2768 sum
444 2739 477 2768 in
487 2739 609 2778 patrias
624 2737 677 2777 qui
688 2747 810 2777 possum
826 2741 944 2768 vertere

273 2789 367 2810 00098.

142 2820 272 2861 Sapere]
310 2823 361 2853 Sic
385 2825 478 2856 Satir.
502 2828 531 2855 1.
566 2824 714 2854 Nostrum
738 2823 820 2855 illud
843 2824 943 2855 vivere

102 2864 203 2894 triste.

149 2905 240 2946 Urbi]
262 2908 320 2939 Per
335 2911 606 2949 antonomasiam,
630 2920 686 2949 pro
703 2909 821 2942 Roma.

145 2951 198 2981 39.
238 2950 315 2981 Cum
326 2953 433 2992 pipere
450 2957 473 2993 ξς
484 2954 598 2992 palmis
613 2952 715 2994 venit]
751 2954 834 2984 vide
857 2955 943 2985 Pers.

103 2993 170 3023 Sat.
188 2996 218 3024 5.
240 3004 303 3025 ver.
324 2997 396 3026 186.
423 2999 451 3027 δε
468 2997 549 3028 Plin.
574 2998 630 3028 lib.
649 2999 698 3026 15.
721 3007 792 3036 cap.
810 2998 864 3028 29.
888 2999 946 3028 ubi

103 3037 158 3075 ait,
183 3042 359 3077 antequam
377 3040 467 3079 piper
485 3042 685 3079 reperiretur,
710 3042 819 3071 baccas
834 3041 869 3070 in
884 3051 944 3071 usu

102 3080 214 3118 fuisse,
249 3081 406 3122 illiusque
432 3085 536 3114 vicem
577 3084 766 3115 obtinuisse.
814 3083 945 3121 Patmis,

969 755 1026 776 seu
1043 743 1218 782 arboribus,
1242 752 1299 773 seu
1317 752 1430 773 earum
1458 742 1635 782 fructibus,
1658 743 1718 783 qui
1742 744 1815 775 dac-

970 790 1028 828 tyli
1045 794 1211 819 vocantur.
1258 786 1345 816 Vide
1361 787 1442 816 Plin.
1459 786 1515 816 lib.
1537 787 1589 817 18.
1611 796 1682 826 cap.
1697 789 1728 818 4.

969 832 1122 863 Juvenal.
1139 831 1204 860 Sat.
1223 832 1253 859 3.
1272 840 1335 859 ver.
1353 830 1404 860 83.

1056 875 1214 904 Advectus
1225 873 1351 903 Romam
1364 882 1528 912 quopruna
1539 873 1562 911 ἐς
1574 876 1701 903 coctona
1713 879 1816 908 vente.

1012 918 1159 949 Nostrum
1176 916 1230 946 hoc
1252 916 1346 946 maris
1361 915 1485 957 expers]
1511 915 1619 946 Locus
1634 918 1815 950 etiamnum

971 963 1138 1000 obscurus,
1166 960 1306 991 necdum
1334 961 1408 989 satis
1434 960 1628 998 explicatus,
1661 967 1735 999 post
1764 966 1816 992 tot

971 1006 1141 1036 doctorum
1179 1004 1397 1042 Interpretum
1428 1003 1680 1034 lucubrationes.
1727 1003 1814 1037 Qui-

970 1050 1047 1079 dam
1073 1049 1116 1078 sic
1144 1047 1349 1087 intelligunt3
1375 1052 1493 1084 nostra,
1518 1045 1550 1075 id
1565 1052 1625 1084 est,
1650 1045 1815 1078 Romano—

971 1102 1045 1122 rum
1055 1091 1261 1130 Philosophia
1277 1091 1294 1119 ὲ
1309 1090 1428 1120 Graecis
1440 1090 1578 1127 invecta,
1588 1090 1682 1119 τηαν-ἐς
1693 1100 1814 1131 expers,

972 1135 1003 1165 id
1033 1141 1092 1174 est,
1125 1135 1208 1172 salis,
1231 1143 1289 1163 seu
1315 1134 1384 1163 sine
1408 1133 1485 1171 sale,
1523 1133 1585 1163 hoc
1611 1139 1671 1171 est,
1695 1134 1815 1165 insulsa

974 1180 1003 1209 ἃ
1018 1183 1175 1217 corrupta.
1221 1177 1433 1207 Casaubonus
1449 1182 1559 1206 tamen
1574 1177 1728 1216 explicat,
1752 1187 1817 1208 ma-

972 1223 1015 1251 ris
1037 1232 1155 1261 expers,
1178 1221 1210 1250 id
1235 1225 1294 1258 est,
1318 1220 1627 1258 masculae„virtutis
1654 1221 1816 1259 majorum

975 1273 1156 1295 nostrorum
1187 1273 1314 1303 expers.
1359 1264 1454 1301 Aliis,
1491 1263 1585 1292 maris
1613 1273 1737 1302 expers,
1770 1269 1819 1295 est

976 1318 1049 1348 quae
1067 1318 1154 1338 mare
1169 1317 1237 1337 non
1254 1307 1422 1344 transierit,
1443 1306 1496 1336 sed
1514 1307 1647 1336 minime
1665 1307 1781 1347 placet.

1019 1353 1071 1382 40.
1097 1351 1245 1381 Foe‘niscoe
1266 1360 1368 1380 crasso
1382 1350 1535 1379 vitiarunt
1548 1349 1686 1390 unguine
1695 1351 1820 1390 pultes]

975 1395 1028 1425 Ex
1043 1405 1082 1424 eo
1097 1400 1245 1433 tempore
1258 1393 1339 1423 adeo
1354 1399 1430 1423 sunt
1446 1393 1556 1423 mnia
1573 1393 1757 1432 depravata,
1780 1400 1821 1425 ut

976 1439 1100 1468 viliores
1117 1439 1242 1477 quique
1256 1437 1375 1475 rustici,
1398 1437 1510 1476 quales
1524 1440 1601 1466 sunt
1613 1436 1672 1474 qui
1687 1436 1821 1469 foenum

974 1487 1097 1520 secant,
1119 1481 1258 1510 lautitias
1288 1480 1504 1519 quaesiverint.
1552 1479 1640 1509 Hine
1669 1480 1817 1511 ciborum

974 1525 1216 1563 simplicitatem
1233 1522 1346 1553 additis
1362 1523 1577 1553 condimentis
1600 1522 1764 1563 ve'titirunt,
1788 1526 1818 1554 ὃς

977 1568 1070 1607 quasi
1099 1567 1273 1605 violarunt,
1297 1572 1398 1605 atque
1427 1566 1605 1595 admiscere
1641 1567 1726 1605 pulti
1754 1578 1821 1597 coe-

978 1617 1098 1650 perurit
1122 1611 1267 1651 adipem,
1297 1609 1373 1640 ante
1397 1609 1645 1649 simplicioribus
1673 1612 1822 1643 contenti

977 1655 1064 1684 cibis.

975 1697 1130 1729 Juvenal.
1147 1698 1214 1728 Sat.
1232 1699 1285 1728 11.
1307 1706 1372 1726 ver.
1387 1696 1443 1727 79.

1063 1741 1135 1780 Ipse
1151 1741 1239 1779 ficis
1265 1741 1403 1771 bret-ibus
1419 1739 1556 1779 ponebat
1582 1740 1732 1779 oluscula,
1756 1751 1823 1780 quae

1104 1794 1188 1814 nunc

1061 1827 1241 1867 Squallidus
1250 1827 1281 1857 in
1294 1836 1410 1868 magna
1411 1826 1546 1864 fastidit
1559 1826 1700 1865 compede
1701 1826 1826 1863 fossor,

1025 1868 1183 1912 Unguz'ne]
1220 1870 1363 1911 Unguen,
1387 1875 1538 1908 unctura,
1561 1869 1825 1903 condimentum.

976 1914 1080 1944 Solent
1095 1913 1201 1944 rustici
1216 1925 1282 1944 cum
1293 1914 1391 1943 oleum
1408 1912 1555 1952 defuerit,
1566 1913 1719 1952 pecudum
1731 1913 1824 1954 adipe

977 1958 1008 1987 z'n
1035 1958 1155 1997 pultem
1190 1957 1279 1988 misso
1302 1967 1363 1997 pro
1392 1956 1457 1986 oleo
1485 1956 1558 1992 uti,·
1592 1956 1702 1995 inquit
1728 1963 1825 1988 vetus

977 2001 1101 2032 Glossa-

1021 2043 1147 2088 Pultes]
1171 2046 1273 2076 Cibus
1295 2049 1363 2075 erat
1389 2042 1624 2074 vetustissimus
1641 2042 1658 2072 ὲ
1673 2043 1775 2074 farina
1792 2045 1822 2075 ἂν

978 2098 1085 2128 aqua3
1121 2089 1285 2120 interdum
1312 2089 1341 2118 &
1368 2097 1411 2117 ex
1437 2097 1542 2124 caseo,
1568 2085 1678 2124 melle,
1708 2087 1736 2116 δε
1755 2089 1827 2120 ovis

977 2132 1126 2162 decoctis.
1171 2132 1324 2163 Romanis
1337 2131 1415 2161 olim
1441 2140 1500 2169 pro
1524 2139 1610 2169 pane
1632 2128 1696 2159 fuit
1724 2132 1822 2168 puls:

978 2175 1061 2206 Plin.
1085 2175 1140 2206 lib.
1159 2176 1209 2206 18.
1234 2185 1306 2215 cap.
1321 2175 1350 2205 8.
1377 2176 1405 2204 3<
1421 2174 1529 2204 Valer.
1552 2173 1695 2203 Maxim.
1719 2173 1772 2203 lib.
1790 2176 1824 2205 2.

979 2228 1049 2258 cap.
1068 2219 1097 2249 5.
1144 2219 1245 2250 Pultis
1260 2224 1372 2249 autem
1394 2218 1494 2257 paulo
1518 2217 1647 2246 diversae
1671 2217 1828 2248 meminit

979 2262 1104 2292 Athen.
1128 2262 1183 2292 lib.
1208 2265 1260 2292 14.
1284 2271 1355 2301 cap.
1388 2263 1427 2291 15
1456 2262 1485 2292 &
1516 2260 1566 2290 16.
1613 2259 1827 2290 casaubonus

979 2306 1018 2334 ad
1033 2306 1092 2335 hoc
1107 2311 1207 2345 caput
1225 2307 1276 2335 15.
1299 2305 1427 2334 Athen.
1449 2304 1555 2334 multa
1572 2312 1632 2333 suo
1648 2312 1737 2332 more
1753 2313 1825 2342 pro-

979 2348 1041 2378 fert
1057 2350 1228 2379 reconditae
1246 2347 1455 2384 eruditionis·⁷
1480 2348 1511 2377 δε
1535 2346 1705 2376 discrimen
1731 2347 1826 2386 ponit

980 2391 1065 2422 iuter
1090 2389 1209 2432 ωὸλΊον,
1221 2391 1411 2422 Graecorum
1436 2390 1454 2420 ὲ
1480 2390 1581 2420 farina
1602 2389 1733 2419 fabacea
1757 2397 1828 2420 tan·

981 2436 1065 2474 tum,
1089 2437 1117 2466 δε
1149 2436 1371 2466 Romanorum
1402 2433 1542 2473 pultem,
1576 2442 1679 2472 quam
1708 2433 1828 2463 Graecie

982 2478 1127 2518 ignotam
1144 2479 1241 2509 fuisse
1257 2488 1299 2508 ex
1315 2477 1421 2508 Plinio
1436 2476 1585 2516 affirmat,
1609 2477 1637 2506 Sc
1653 2477 1707 2507 cui
1723 2477 1828 2507 multa

984 2522 1253 2553 admiscebantur.

1030 2568 1084 2596 41.
1108 2567 1186 2596 Haec
1197 2566 1299 2595 cinere
1311 2563 1441 2595 ulterior
1454 2567 1573 2593 metuas
1585 2562 1616 2602 3]
1640 2562 1781 2604 Insurgit
1795 2564 1830 2594 in

986 2618 1121 2639 avarum
1137 2608 1232 2640 Po'e'ta
1247 2621 1254 2638 :
1280 2607 1399 2638 scilicet
1425 2608 1520 2637 times
1536 2617 1609 2646 quae
1626 2606 1685 2636 tibi
1699 2614 1831 2638 mortuo

986 2658 1064 2683 sunt
1088 2660 1262 2683 eventura:
1287 2651 1318 2681 O
1344 2651 1475 2689 stultus,
1506 2651 1565 2689 qui
1591 2656 1664 2690 post
1688 2657 1828 2681 mortem

986 2695 1147 2725 haeredem
1163 2696 1293 2726 metuis.

986 2738 1098 2769 Horat.
1112 2740 1184 2769 loco
1197 2739 1272 2768 ante
1288 2739 1341 2768 cit.

1072 2780 1141 2811 Nec
1152 2786 1285 2812 metuam
1298 2781 1373 2820 quid
1387 2781 1423 2811 de
1437 2790 1482 2811 me
1485 2780 1610 2820 judicet
1627 2779 1728 2820 haeres,
1743 2782 1803 2811 arc.

986 2824 1101 2864 Virgil.
1117 2824 1242 2854 AEneid.
1257 2826 1290 2855 2.

1259 2868 1375 2897 Facilis
1377 2867 1510 2907 jactura
1521 2867 1652 2907 sepulcri
1666 2871 1721 2896 est.

1032 2911 1158 2950 Cinere]
1188 2912 1322 2942 Cineres
1350 2912 1439 2949 dicit,
1463 2912 1539 2951 quia
1566 2911 1718 2940 cadavera
1743 2920 1835 2942 com-

988 2955 1198 2993 burebantur‚
1215 2961 1251 2985 ut
1267 2955 1341 2985 ante
1358 2955 1485 2984 dictum
1502 2959 1559 2983 est.

1031 2998 1075 3027 At
1088 3002 1120 3027 tu
1133 3007 1215 3027 meus
1226 2997 1338 3040 hoeres]
1354 3000 1398 3028 At
1413 3008 1473 3037 ego
1490 3006 1555 3027 non
1569 3001 1685 3026 metuo
1699 2996 1835 3028 haeredis

990 3042 1105 3079 minas,
1130 3041 1212 3080 quin
1238 3041 1286 3072 ilii
1314 3042 1374 3082 ipsi
1388 3041 1502 3071 occino
1517 3045 1670 3079 sumptus
1685 3041 1705 3069 ὲ.
1720 3051 1773 3071 me
1789 3041 1834 3071 fa·

989 3084 1130 3114 ciendos.
