1948 3281
623 62 650 109 J
656 63 962 108 UVENALIS
996 62 1214 106 SATIRA
1246 65 1349 108 XV.

119 159 300 216 Cyanes,
324 157 467 214 plenos
486 156 526 198 Sc
549 156 862 212 tempestatibus
881 167 988 198 utres

119 215 392 266 Crediderim,
416 224 485 257 aut
508 215 618 257 tenui
643 229 882 270 percussum
906 214 1066 254 verbere
1090 212 1248 266 Circes,

119 276 174 316 Et
196 289 294 316 cum
315 273 536 330 remigibus
560 272 778 330 grunnisse
799 273 1002 327 Elpenora
1026 271 1176 326 porciS,

113 332 220 374 Tam
243 332 362 372 vacui
385 330 528 385 capitis
553 330 756 386 populum
781 331 952 372 Phaeaca
977 328 1162 384 putavit?

117 388 186 430 Sic
208 388 355 445 aliquis
379 389 527 430 merito
548 388 738 429 nondum
761 387 911 438 ebrius,
939 387 978 428 δε

115 447 183 489 De
206 446 428 502 Corcyraea
450 456 649 488 temetum
673 446 840 487 duxerat
866 447 980 486 urna.

115 503 239 546 Solus
261 504 372 545 enim
392 506 470 545 hoc
496 505 662 546 Ithacus
686 503 800 545 nullo
824 502 900 544 sul)
924 511 1024 544 teste
1046 501 1231 543 canebat.

114 562 210 604 Nos
234 562 419 603 miranda
441 562 626 618 quidem,
650 561 717 602 sed
743 575 871 615 nuper
895 560 1080 602 Consule
1101 560 1230 601 Junio

115 619 261 670 Gesta,
285 635 405 675 super
426 620 569 661 calidae
592 620 811 660 referemus
835 619 991 659 moenia
1009 617 1163 672 Copti3

114 677 210 718 Nos
232 677 343 734 vulgi
366 678 514 727 scelus,
542 678 581 718 Sc
602 676 764 717 cunctis
787 675 969 732 graviora
991 674 1222 716 cothurnis.

113 734 229 777 Nam
267 735 398 776 scelus
427 737 451 776 a
488 735 652 790 Pyrrha,
691 747 930 789 quanquam
962 732 1104 774 omnia
1139 744 1318 789 syrmata

291 793 442 843 volvas,

1774 68 1853 110 255

1268 155 1323 196 20
1338 158 1477 198 Cyaneas
1492 170 1579 199 rupes
1595 164 1746 202 cok'uriaes,
1761 168 1857 203 atque

1335 206 1418 232 utres
1428 205 1573 241 procellis
1590 207 1857 243 1>qt21rtos,rflleci

1337 245 1440 274 Circes
1455 246 1518 275 ictu
1535 247 1695 285 pulsatum
1719 250 1853 289 Elpeno-

1334 291 1581 328 remgrunnitum
1589 292 1716 321 edidisse
1725 295 1855 323 cumsui-

1335 331 1705 372 husremosagitantibuS.
1727 337 1855 367 Adeone

1048 386 1055 392 -
1094 387 1100 393 ·
1311 387 1318 394 ·
1334 374 1418 404 inani
1432 377 1552 405 cerebro
1565 377 1751 407 existimavit
1766 380 1853 409 Plzoe-

1002 401 1225 427 mlnunum
1249 401 1318 461 (lu-J
1333 428 1420 447 acum
1445 423 1569 458 gentem
1581 419 1595 447 ,9
1620 420 1673 450 Ita
1704 421 1854 460 quispiam

1266 445 1316 485 2.)
1325 461 1400 499 jure
1414 464 1575 500 sensisset,
1603 472 1660 492 non
1688 465 1790 494 adhuc
1805 471 1851 495 te-

1333 507 1497 543 mulentus,
1533 506 1643 545 quique
1672 508 1852 546 pauxillum

1332 548 1396 577 vini
1411 548 1554 578 hauserat
1567 560 1604 578 ex
1618 551 1763 589 amphora
1779 551 1852 582 Cor-

1332 600 1410 629 cyroe
1422 603 1431 619 :
1472 591 1591 632 Quippe
1621 603 1700 623 unus
1725 594 1853 626 Ithacus

1331 644 1367 662 ea
1379 635 1528 665 recitabat
1542 637 1658 666 nemine
1672 640 1851 669 attestante.

1331 677 1399 707 A'os
1413 680 1563 717 slupencla
1575 681 1667 715 certe,
1682 684 1716 709 at
1732 691 1790 711 nori
1802 683 1852 712 ita

1326 721 1445 758 pridem
1465 723 1561 758 sacla
1588 722 1682 753 Junio
1709 724 1850 763 Consule,

1331 763 1413 793 ultra
1439 774 1538 795 muros
1574 766 1666 805 Copti
1699 768 1851 808 ardentis,

1332 816 1384 836 nos
1397 808 1509 838 crimen
1528 811 1625 839 totius
1644 811 1754 850 populi
1777 822 1850 841 nar-

1263 791 1321 832 30

112 849 268 892 Nullus
292 850 398 905 apud
421 849 617 906 Tragicos
641 847 818 904 populus
841 847 955 889 facit.
989 848 1150 904 Accipe
1173 858 1315 890 nostro
1332 850 1475 889 mbiww,
1492 853 1630 890 &pejora
1647 855 1784 885 omnibus
1798 866 1848 884 co-

112 907 217 949 Dira
238 908 350 963 quod
372 907 608 963 exemplum
632 906 768 947 feritas
792 907 1025 961 produxerit
1046 922 1151 948 aevo,

115 966 230 1006 Inter
251 965 450 1006 finitimos
473 975 588 1006 vetus
610 974 735 1021 atque
756 964 926 1021 antiqua
951 964 1154 1016 simultas,

112 1023 352 1064 Immortale
374 1023 534 1074 odium,
560 1023 599 1064 Sc
619 1037 834 1079 nunquam
854 1022 1030 1063 sanabile
1049 1022 1200 1064 vulnus

111 1080 242 1122 Ardet
264 1081 398 1122 adhuc
422 1080 583 1123 Ombos
608 1081 648 1121 Sc
668 1081 861 1136 Tentyra.
897 1081 1098 1122 Summus
1123 1080 1315 1137 utrinque

1331 892 1460 923 thurnis.
1476 896 1640 926 Enimvero
1651 898 1725 927 licet
1735 904 1849 930 cuncta

1329 943 1467 976 syrmata
1489 940 1654 979 expendas,
1679 943 1698 971 ιὶ
1721 941 1849 981 Pyrrhoe

1329 982 1459 1019 saeculo,
1476 992 1623 1021 nusquam
1639 985 1726 1022 plebs
1742 987 1847 1016 omnis

1329 1025 1441 1054 crimen
1450 1030 1559 1063 patrat
1568 1028 1652 1065 apud
1665 1027 1847 1069 Tragoedia-

1329 1079 1394 1098 rum
1421 1069 1595 1107 scriptores.
1644 1070 1729 1101 Audi
1749 1074 1846 1110 quod-

1328 1121 1397 1141 nam
1425 1114 1592 1151 exemplum
1615 1114 1711 1143 edidit
1738 1116 1848 1145 nostris

112 1160 295 1199 temporibus
307 1171 384 1190 soeva
396 1159 574 1190 crudelitas.
611 1159 788 1190 Inveterata
797 1161 916 1198 pridem
927 1160 1183 1200 alienatio,j1cgis
1194 1160 1325 1199 invidia,
1334 1156 1495 1197 plagaque
1507 1156 1849 1197 imtlletlifflbilisfirvet

112 1202 260 1234 hactenus
274 1204 387 1234 vicinos
401 1205 481 1234 inter
499 1204 608 1234 Ombos
623 1208 716 1243 atque
736 1203 921 1244 Tentyrites.
966 1203 1052 1232 Hinc
1065 1205 1088 1241 ὁ·
1104 1203 1191 1233 illinc

111 1311 330 1357 Symplegades
344 1317 396 1346 isti
410 1316 476 1346 duo
496 1315 632 1355 scopuli,
648 1315 686 1345 ad
703 1324 737 1345 os
752 1314 880 1345 Thracii
896 1316 958 1346 Bo-

112 1357 233 1396 sphori,
254 1360 398 1399 quicum
416 1359 433 1388 a
445 1369 479 1388 se
502 1368 616 1397 parum
633 1360 761 1395 distent,
779 1359 956 1398 naviganti-

109 1399 171 1430 bus
183 1410 374 1433 concurrere
388 1402 537 1433 videntur
552 1403 580 1432 ἃ
596 1402 710 1431 collidi.
753 1401 842 1431 Hinc
855 1402 954 1433 insta-

112 1441 191 1473 biles
203 1452 297 1476 voeat
313 1445 410 1476 Ovid.
425 1446 522 1476 Trist.
540 1447 567 1475 1.
585 1445 674 1485 Eleg.
693 1446 724 1476 9.

152 1488 205 1517 20.
223 1488 335 1519 Plenos
350 1489 578 1528 tempestatibus
589 1486 688 1529 utres]
712 1487 845 1519 AEolum
861 1499 952 1520 nem·

109 1529 152 1568 pe
178 1529 361 1564 fabulantur
386 1540 497 1562 ventos
519 1533 646 1563 utribus
671 1532 809 1562 inclusos
832 1532 955 1563 dedisse

111 1569 217 1613 Ulyssi
233 1576 444 1615 mvigatur05
468 1581 500 1606 at
514 1576 614 1613 hujus
626 1576 758 1605 comites
772 1581 852 1605 ratos
866 1577 954 1606 aliud

110 1615 198 1646 intus
213 1618 321 1655 latere,
337 1619 516 1657 aperuisse:
542 1618 628 1648 unde
644 1619 739 1649 soluti
755 1619 845 1649 venti
869 1625 953 1651 tem-

112 1667 249 1697 pestates
265 1664 447 1693 excitArunt
461 1662 643 1693 horrendas.
671 1662 808 1692 Homer.
823 1662 876 1692 cit.

153 1704 204 1734 21.
246 1704 365 1743 Circes]
404 1705 538 1735 Famosa
564 1705 633 1735 haec
661 1705 803 1735 venefica
826 1706 907 1735 Solis
933 1707 951 1737 ὲ

109 1745 204 1776 Perse
225 1748 298 1785 filia,
322 1748 519 1780 Colchorum
536 1748 628 1788 Regis
643 1758 740 1786 soror,
766 1749 800 1778 in
825 1748 951 1780 Italiam

110 1790 247 1830 profuga
261 1794 348 1830 apud
365 1790 523 1822 Circaeum
547 1791 810 1822 Promontorium
828 1792 950 1823 habita-

109 1833 167 1861 vit.
213 1834 258 1864 lbi
275 1836 350 1865 vero
366 1834 515 1874 Ulyssem
539 1839 731 1873 tempestate
748 1842 857 1864 actum
883 1845 951 1866 sus-

106 1877 204 1915 cepit,
231 1880 369 1917 ejusque
383 1879 486 1908 socios
501 1878 661 1908 veneficiis
674 1878 707 1907 in
722 1888 832 1916 porcos
847 1886 951 1909 muta-

108 1919 164 1956 vit,
188 1930 333 1960 moxque
355 1921 492 1961 pristina:
515 1921 626 1951 formae
644 1921 729 1961 virga
744 1927 842 1951 tactos
865 1924 952 1952 resti-

105 1963 178 1992 tuit.
205 1963 340 1995 Homer.
357 1965 471 2005 Odyss.
485 1965 538 1995 cit.
554 1963 635 1995 ovid
661 1964 921 2004 metamorphos.

106 2003 218 2045 virgil.
235 2007 346 2048 Eclog.
363 2008 393 2038 8.

140 2048 340 2080 Carminibus
357 2052 444 2081 Circe
459 2051 554 2082 socios
570 2051 700 2081 mutavit
722 2050 848 2091 Ulyssis.

106 2089 268 2122 Plutarch.
293 2095 333 2123 de
350 2095 495 2124 Homero
510 2096 565 2126 lib.
584 2095 727 2125 fabulam
744 2097 828 2125 hanc
844 2097 948 2136 expli-

107 2139 168 2163 cat.
186 2135 266 2165 Plin.
280 2137 333 2167 lib.
347 2138 399 2167 25.
414 2147 485 2176 cap.
499 2139 530 2167 2.
547 2139 616 2175 ejus
633 2139 707 2169 facit
722 2139 937 2171 mentionem.

147 2177 201 2207 22.
224 2178 397 2219 Elpenora]
418 2180 531 2210 Unum
546 2181 563 2210 ὲ
580 2181 671 2211 sociis
687 2181 815 2221 Ulyssis.
866 2183 952 2213 Vide

105 2226 216 2251 notam
231 2224 478 2260 praecede1ne1n.

147 2265 200 2294 23.
229 2265 300 2296 Tam
327 2267 416 2296 vacui
437 2266 560 2305 capitis,
584 2267 649 2306 ᾅο]
672 2267 814 2300 Adeone
839 2269 950 2300 bardos

104 2315 140 2336 ac
157 2309 287 2339 stolidos
301 2320 358 2340 nos
375 2315 468 2350 putat
484 2310 554 2348 iste,
568 2316 605 2340 ut
622 2311 691 2348 ejus
704 2310 817 2342 fabulis
834 2312 949 2344 habea-

103 2359 177 2380 mus
191 2352 306 2383 fidem?

145 2394 297 2434 Populum
313 2396 460 2437 Phaeaca]
484 2397 647 2437 Populum
665 2397 778 2429 Insulae
793 2398 949 2439 Corcyrae,

102 2446 175 2476 quae
203 2440 297 2470 hodie
324 2440 434 2480 Corf'u,
460 2442 500 2471 ad
526 2451 613 2471 oram
630 2441 719 2481 Epiri
734 2443 813 2472 sitae.
862 2443 949 2474 Huic

102 2482 181 2511 olim
199 2492 322 2514 nomen
337 2484 467 2514 dederat
491 2485 628 2524 Corcyra
645 2484 824 2525 Nympha;
848 2486 865 2515 ὲ
885 2497 948 2526 qua

101 2522 277 2562 Neptunus
304 2528 445 2566 suscepit
469 2528 657 2558 Phaeacem:
695 2528 781 2558 unde
804 2529 950 2560 Phaeacia

103 2565 197 2605 dicta,
215 2570 241 2598 ἀ
260 2571 376 2609 populi
392 2572 536 2601 Phaeaces
553 2572 668 2600 vocati.

145 2611 198 2640 24.
221 2611 272 2642 Sic
286 2614 413 2652 aliquis]
438 2614 570 2653 Aliquis
593 2615 799 2644 convivarum
823 2617 852 2646 <Sc
867 2626 947 2656 epu-

101 2653 242 2684 !antium
256 2665 333 2686 cum
356 2657 469 2697 Ulysse
485 2657 524 2687 ad
541 2666 686 2688 mensam
702 2658 836 2688 Alcinoi·
851 2659 947 2700 Regis

101 2695 259 2736 Corcyrae.

142 2740 196 2769 25.
217 2740 379 2773 Minimum
395 2744 447 2783 qui
463 2744 500 2774 de
516 2743 676 2783 Corcyroezz
691 2748 831 2774 temetum
854 2746 946 2776 dure-

100 2786 151 2811 rat
166 2783 260 2821 urnii]
285 2786 418 2824 Sapiens
445 2788 578 2826 quidam
603 2788 660 2826 vir,
683 2787 760 2818 vino
782 2789 946 2819 moderate

99 2833 245 2865 sumptO,
263 2828 357 2865 plane
372 2831 422 2859 sui
437 2840 582 2867 compos.

143 2869 197 2899 26.
220 2868 312 2899 Solus
326 2873 404 2901 enim
420 2871 484 2910 hoc,
508 2872 580 2914 ὅτι]
619 2874 753 2913 Quippe
770 2883 854 2904 unus
870 2885 946 2905 eva-

100 2917 182 2942 serat
206 2921 442 2953 emerseratque
467 2917 485 2945 e
509 2916 689 2957 naufragio:
725 2927 825 2956 quare
849 2928 946 2949 nemo

99 2955 207 2985 aderat
223 2957 279 2994 qui
295 2962 496 2989 attestaretur
512 2970 583 2990 vera
601 2970 668 2990 esse
681 2970 753 3000 quae
769 2961 808 2990 ab
822 2969 859 2990 eo
875 2971 944 2992 nar-

100 2998 260 3028 rabantur.

141 3040 282 3080 Ithacus]
306 3042 434 3082 Ulysses
448 3046 536 3084 apud
559 3046 703 3077 Ithacam
730 3052 824 3079 natus
850 3047 943 3080 Insu-

97 3082 175 3115 lam.
223 3085 310 3116 vide
321 3087 446 3119 Annot.
461 3090 552 3121 Satir.
570 3092 621 3123 14.
634 3100 664 3120 v.
674 3090 748 3122 287.

1045 1315 1099 1344 27.
1126 1312 1188 1344 Nos
1205 1315 1345 1345 miranda
1369 1313 1500 1353 quidem,
1524 1312 1590 1352 ξε]
1624 1312 1723 1346 Quod
1745 1314 1846 1345 Juve-

1001 1359 1080 1388 nalis
1105 1368 1164 1398 ego
1193 1359 1338 1395 referam,
1369 1364 1465 1387 testes
1489 1357 1599 1394 habet,
1625 1358 1760 1396 ipseque
1784 1358 1848 1388 vidi

999 1400 1033 1430 in
1048 1400 1190 1441 AEgypto
1205 1411 1322 1441 nuper,
1339 1400 1419 1431 dum
1437 1400 1546 1429 [tomae
1563 1400 1689 1430 Consul
1703 1406 1771 1431 erat
1786 1401 1850 1432 Ju-

998 1453 1085 1475 nius.

1045 1488 1176 1519 Consule
1196 1488 1307 1527 Junio]
1343 1486 1431 1520 Quid
1456 1486 1510 1517 hic
1535 1488 1612 1517 certi
1641 1489 1848 1520 statuemus?

997 1532 1066 1562 Alii
1096 1533 1224 1572 legunt,
1248 1532 1373 1567 ιῙιινιεο;
1406 1530 1473 1566 alii,
1508 1529 1625 1560 Vinco:
1660 1531 1700 1561 de
1731 1532 1779 1562 his
1803 1534 1848 1563 ita

997 1575 1113 1606 scribit.
1145 1577 1232 1607 Just.
1259 1576 1347 1613 Lips.
1376 1574 1543 1612 Epistolic.
1570 1573 1696 1607 Qttaest.
1726 1576 1782 1606 lib.
1814 1579 1847 1607 4.

997 1617 1101 1658 Epist.
1116 1620 1168 1650 20.
1220 1617 1358 1657 Vincunt,
1383 1617 1445 1646 sive
1466 1616 1598 1646 Juncum
1617 1617 1762 1648 Consules
1788 1629 1848 1649 non

996 1661 1115 1692 invenio
1129 1674 1143 1699 ;
1166 1665 1189 1701 «ξς
1205 1662 1355 1692 intricata
1373 1670 1449 1699 pars
1464 1659 1518 1690 illa
1531 1660 1692 1697 fastorum
1707 1661 1743 1690 ob
1763 1662 1845 1692 Con-

994 1707 1073 1734 sules
1097 1707 1199 1736 crebro
1225 1705 1379 1744 suffectos.
1424 1703 1494 1734 Alii
1522 1704 1649 1745 legunt,
1672 1705 1792 1741 Juni0;
1816 1708 1846 1737 ἃς

996 1749 1129 1787 quidam
1143 1749 1287 1780 Junium
1312 1748 1470 1779 Sabinum
1484 1748 1683 1787 intelligunt,
1707 1751 1766 1788 qui
1782 1750 1846 1779 fuit

996 1790 1119 1822 Consul
1147 1802 1223 1822 cum
1251 1792 1455 1829 Domitiano,
1479 1800 1565 1821 anno
1593 1790 1686 1821 Urbis
1709 1793 1845 1823 condita:

996 1835 1264 1874 octingentesimo
1289 1835 1451 1874 trigesimo
1479 1841 1583 1864 sexto.
1632 1836 1771 1866 Quidam
1801 1836 1844 1869 Q.

996 1876 1136 1908 Junium
1155 1879 1326 1908 Rusticum
1343 1878 1545 1916 Imperatoris
1563 1878 1720 1908 Hadriani
1739 1880 1846 1910 Colle-

997 1930 1071 1959 gam
1088 1921 1240 1959 afferunt,
1257 1930 1344 1951 anno
1361 1922 1447 1951 urbis
1463 1921 1598 1951 conditae
1616 1923 1846 1961 octingentesi-

996 1973 1052 1993 mo
1065 1966 1302 2005 septuagesimo
1317 1964 1468 1995 secundo.
1493 1964 1626 1994 Salmas.
1642 1965 1674 1994 in
1687 1965 1767 1995 Plin.
1784 1968 1845 1997 &c-

1037 2009 1091 2037 28.
1117 2008 1224 2047 Copti]
1260 2008 1372 2047 Coptos
1395 2009 1468 2037 urbs
1495 2006 1641 2047 AEgypti,
1670 2009 1734 2038 sive
1757 2009 1844 2041 The-

995 2050 1106 2089 baidis,
1131 2052 1170 2081 ad
1197 2051 1326 2090 Nilum,
1351 2052 1474 2081 celebre
1497 2058 1545 2080 est
1560 2052 1745 2090 emporium
1763 2053 1844 2084 Ara·

994 2093 1088 2124 bibus
1114 2096 1143 2124 &
1160 2094 1321 2134 AEgyptiis
1346 2094 1489 2133 Tropico
1513 2095 1657 2132 subjecta
1681 2102 1741 2134 est,
1757 2098 1844 2128 unde

995 2138 1127 2168 calidam
1145 2145 1247 2168 vocat.
1277 2138 1363 2168 Vide
1381 2138 1486 2168 Strab.
1502 2138 1557 2167 lib.
1577 2140 1624 2166 15.
1641 2139 1698 2168 dcc.

1037 2183 1090 2212 29.
1114 2182 1182 2212 Nos
1196 2181 1284 2222 tulgi
1297 2181 1407 2219 scelus,
1431 2181 1498 2220 ἔξω]
1533 2181 1608 2210 Non
1626 2182 1723 2211 unius
1739 2183 1843 2215 homi-

995 2224 1043 2254 nis
1059 2227 1176 2264 scelus,
1206 2232 1240 2255 ut
1263 2226 1339 2255 olim
1364 2226 1470 2262 Atrei,
1502 2223 1664 2263 Thyestis,
1705 2226 1844 2267 Medeae‚

995 2267 1128 2307 Orestis,
1153 2270 1372 2306 Alcmaeoni⁴13
1396 2268 1449 2298 sed
1474 2268 1574 2297 totius
1590 2269 1705 2306 populi
1721 2269 1844 2302 crimen

996 2312 1134 2349 profero,
1150 2313 1248 2352 quale
1260 2322 1431 2351 nunquam
1448 2311 1598 2341 auditum
1614 2318 1673 2349 est,
1688 2321 1747 2342 nee
1763 2313 1842 2344 Tra·

996 2355 1072 2393 gicis
1089 2356 1309 2387 decantatum.

1041 2398 1190 2429 Graviora
1207 2399 1376 2438 cothurnis]
1400 2398 1550 2429 Graviora
1571 2398 1607 2428 iis
1624 2407 1696 2437 quae
1714 2400 1748 2430 in
1765 2399 1842 2431 Tra·

995 2443 1107 2480 goedizs
1123 2444 1247 2473 tractari
1270 2444 1386 2478 solent,
1404 2451 1543 2478 quarum
1559 2442 1694 2472 Actores
1710 2443 1842 2474 cothur-

995 2494 1052 2514 no,
1070 2486 1222 2516 induunt.
1270 2486 1322 2516 De
1350 2486 1397 2515 nis
1423 2485 1495 2514 vide
1519 2487 1644 2515 Annot.
1667 2486 1734 2516 Sat.
1761 2486 1790 2517 6.
1811 2497 1840 2518 v.

995 2527 1069 2559 633.
1085 2529 1124 2558 ad
1139 2539 1263 2565 vocem,
1281 2528 1469 2558 cothurnum.

1036 2573 1078 2602 30
1116 2576 1140 2602 A
1165 2572 1302 2611 Pyrrha]
1374 2573 1507 2609 dinivio,
1525 2573 1613 2612 quod
1629 2574 1766 2614 contigit
1780 2577 1840 2606 sub

992 2613 1196 2646 Deucalione
1224 2617 1252 2645 d:
1283 2615 1400 2654 Pyrrha
1459 2615 1510 2645 De
1534 2616 1652 2654 quibus
1676 2618 1741 2648 Sat.
1764 2621 1790 2649 1.
1808 2630 1835 2650 v.

991 2657 1028 2687 81
1050 2660 1078 2688 ἃς
1096 2659 1135 2688 84

1032 2700 1192 2742 syrmata]
1216 2702 1360 2742 Tragicas
1381 2708 1497 2741 vestes,
1523 2712 1582 2741 pro
1605 2704 1729 2744 tragicis
1746 2714 1838 2745 argu·

991 2747 1108 2775 mentis
1145 2747 1272 2785 Synecd
1309 2746 1393 2775 Vde
1410 2747 1475 2776 Sat.
1495 2746 1524 2776 8.
1541 2755 1570 2776 v.
1588 2747 1664 2777 229.

1033 2796 1083 2818 ου.
1110 2789 1200 2818 Inter
1217 2788 1372 2827 finitimos]
1394 2789 1470 2820 Jam
1486 2795 1591 2820 narrat
1606 2790 1732 2820 facinus
1747 2793 1774 2821 Sc
1791 2792 1837 2822 fa·

990 2833 1105 2862 cinoris
1141 2841 1259 2862 causas.
1317 2832 1445 2871 Nempe
1479 2833 1641 2863 diversitas
1676 2835 1836 2873 religionis

991 2876 1103 2904 odium
1125 2876 1208 2904 inter
1233 2885 1287 2904 eos
1310 2881 1440 2915 generat
1463 2882 1558 2906 atrox
1581 2876 1731 2915 quidem:
1759 2878 1836 2909 hinc

991 2919 1081 2955 rixae,
1120 2919 1148 2947 Sc
1180 2918 1292 2956 caedes,
1325 2920 1351 2949 ἃ·
1384 2919 1527 2950 belluina
1550 2920 1656 2950 feritas
1681 2920 1835 2960 utrinque

990 2968 1091 2991 saevit.

1033 3006 1085 3034 34.
1118 3003 1286 3044 Nunquam
1313 3005 1451 3036 sanabile
1480 3003 1602 3043 vulnus]
1634 3005 1835 3038 Animorum

989 3047 1124 3078 offensio
1140 3050 1172 3079 δε
1185 3049 1337 3078 alienatio
1352 3051 1407 3079 vix
1426 3058 1570 3086 unquam
1590 3050 1832 3082 reconcilianda.

1032 3092 1085 3124 55.
1107 3091 1208 3123 Ardet
1224 3090 1340 3132 adhuc]
1362 3093 1395 3123 A
1410 3097 1459 3122 tot
1472 3091 1605 3123 saeculis.
